%% This BibTeX bibliography file was created using BibDesk.
%% http://bibdesk.sourceforge.net/


%% Created for James M Clawson at 2009-06-17 11:13:24 -0400 


%% Saved with string encoding Western (ASCII) 



@book{levi87aa,
	Address = {New York},
	Author = {Primo Levi},
	Booktitle = {Survival in Auschwitz},
	Date-Added = {2009-06-17 11:10:18 -0400},
	Date-Modified = {2009-06-17 11:12:43 -0400},
	Origlanguage = {italian},
	Origtitle = {Se questo \`{e} un uomo},
	Origyear = {1958},
	Publisher = {Collier-Macmillan},
	Subtitle = {The Nazi Assault on Humanity},
	Title = {Survival in Auschwitz},
	Translator = {Stuart Woolf},
	Year = {1987}}

@book{esquivel92ab,
	Address = {New York},
	Author = {Laura Esquivel},
	Booktitle = {Like Water for Chocolate},
	Date-Added = {2009-06-17 11:06:49 -0400},
	Date-Modified = {2009-06-17 11:09:53 -0400},
	Origlanguage = {spanish},
	Origlocation = {M\'{e}xico, DF [Mexico City]},
	Origpublisher = {Planeta},
	Origtitle = {Como agua para chocolate: Novelas de entregas mensuales, con recetas, amores y remedios caseros},
	Origyear = {1989},
	Publisher = {Doubleday},
	Subtitle = {A Novelty in Monthly Installments, with Recipes, Romances, and Home Remedies},
	Title = {Like Water for Chocolate},
	Translator = {Carol Christensen and Thomas Christensen},
	Year = {1992}}

@book{mu76aa,
	Address = {New York},
	Author = {{Murasaki Shikibu}},
	Booktitle = {The Tale of Genji},
	Date-Added = {2009-06-17 10:55:32 -0400},
	Date-Modified = {2009-06-17 10:56:31 -0400},
	Publisher = {Knopf},
	Title = {The Tale of Genji},
	Translator = {Edward G. Seidensticker},
	Year = {1976}}

@book{hildegard-of-bingen01aa,
	Address = {New York},
	Author = {{Hildegard of Bingen}},
	Booktitle = {Selected Writings},
	Date-Added = {2009-06-17 10:54:22 -0400},
	Date-Modified = {2009-06-17 10:55:12 -0400},
	Publisher = {Penguin},
	Title = {Selected Writings},
	Translator = {Mark Atherton},
	Year = {2001}}

@book{esquivel92aa,
	Address = {New York},
	Author = {Laura Esquivel},
	Booktitle = {Like Water for Chocolate},
	Date-Added = {2009-06-17 10:53:05 -0400},
	Date-Modified = {2009-06-17 10:54:15 -0400},
	Publisher = {Doubleday},
	Subtitle = {A Novelty in Monthly Installments, with Recipes, Romances, and Home Remedies},
	Title = {Like Water for Chocolate},
	Translator = {Carol Christensen and Thomas Christensen},
	Year = {1992}}

@book{beowulf01aa,
	Address = {New York},
	Booktitle = {Beowulf},
	Date-Added = {2009-06-17 10:50:55 -0400},
	Date-Modified = {2009-06-17 10:52:33 -0400},
	Editor = {Nicholas Howe},
	Options = {useeditor=false},
	Publisher = {Norton},
	Title = {Beowulf},
	Translator = {E. Talbot Donaldson},
	Year = {2001}}

@book{crane75ab,
	Address = {Charlottesville},
	Author = {Stephen Crane},
	Booktitle = {The Red Badge of Courage},
	Date-Added = {2009-06-17 10:19:53 -0400},
	Date-Modified = {2009-06-17 10:20:35 -0400},
	Editor = {Fredson Bowers},
	Options = {useauthor=false},
	Origyear = {1895},
	Publisher = {UP of Virginia},
	Sorttitle = {Red Badge of Courage},
	Subtitle = {An Episode of the American Civil War},
	Title = {The Red Badge of Courage},
	Year = {1975}}

@book{twain93aa,
	Author = {Mark Twain},
	Booktitle = {Roughing It},
	Date-Added = {2009-06-17 10:17:53 -0400},
	Date-Modified = {2009-06-17 10:18:27 -0400},
	Editor = {Harriet E. Smith and Edgar M. Branch},
	Publisher = {U of California P},
	Title = {Roughing It},
	Year = {1993}}

@book{smith02aa,
	Address = {Bloomington},
	Author = {Charlotte Smith},
	Booktitle = {The Collected Letters of Charlotte Smith},
	Date-Added = {2009-06-17 10:17:21 -0400},
	Date-Modified = {2009-06-17 10:18:39 -0400},
	Editor = {Judith Stanton},
	Publisher = {Indiana UP},
	Sorttitle = {Collected Letters of Charlotte Smith},
	Title = {The Collected Letters of Charlotte Smith},
	Year = {2002}}

@book{shakespeare92aa,
	Address = {New York},
	Author = {William Shakespeare},
	Booktitle = {Hamlet},
	Date-Added = {2009-06-17 10:16:30 -0400},
	Date-Modified = {2009-06-17 10:17:05 -0400},
	Editor = {Barbara A. Mowat and Paul Werstine},
	Publisher = {Washington Square-Pocket},
	Title = {Hamlet},
	Year = {1992}}

@book{octovian86aa,
	Address = {London},
	Date-Added = {2009-06-17 10:16:14 -0400},
	Date-Modified = {2009-06-17 10:16:14 -0400},
	Editor = {Frances McSparran},
	Number = {289},
	Options = {useeditor=false},
	Publisher = {Oxford UP},
	Series = {Early English Text Soc.},
	Title = {Octovian},
	Year = {1986}}

@book{edgeworth92aa,
	Address = {London},
	Author = {Maria Edgeworth},
	Booktitle = {\emph{Castle Rackrent} and \emph{Ennui}},
	Date-Added = {2009-06-17 10:15:03 -0400},
	Date-Modified = {2009-06-17 10:19:42 -0400},
	Editor = {Marilyn Butler},
	Publisher = {Penguin},
	Title = {\emph{Castle Rackrent} and \emph{Ennui}},
	Year = {1992}}

@book{crane75aa,
	Address = {Charlottesville},
	Author = {Stephen Crane},
	Booktitle = {The Red Badge of Courage},
	Date-Added = {2009-06-17 10:14:04 -0400},
	Date-Modified = {2009-06-17 10:20:46 -0400},
	Editor = {Fredson Bowers},
	Origyear = {1895},
	Publisher = {UP of Virginia},
	Sorttitle = {Red Badge of Courage},
	Subtitle = {An Episode of the American Civil War},
	Title = {The Red Badge of Courage},
	Year = {1975}}

@book{austen01aa,
	Address = {New York},
	Author = {Jane Austen},
	Booktitle = {Sense and Sensibility},
	Date-Added = {2009-06-17 10:11:53 -0400},
	Date-Modified = {2009-06-17 10:19:32 -0400},
	Editor = {Claudia Johnson},
	Publisher = {Norton},
	Title = {Sense and Sensibility},
	Year = {2001}}

@book{bible84aa,
	Address = {Grand Rapids},
	Booktitle = {The Holy Bible},
	Date-Added = {2009-06-17 07:29:05 -0400},
	Date-Modified = {2009-06-17 07:29:05 -0400},
	Publisher = {Zondervan},
	Sorttitle = {Holy Bible},
	Subtitle = {New International Version},
	Title = {The Holy Bible},
	Year = {1984}}

@book{virginia93aa,
	Address = {New York},
	Booktitle = {Encyclopedia of Virginia},
	Date-Added = {2009-06-17 07:29:05 -0400},
	Date-Modified = {2009-06-17 07:29:05 -0400},
	Publisher = {Somerset},
	Title = {Encyclopedia of Virginia},
	Year = {1993}}

@book{NewYorkPublicLibrary97aa,
	Address = {New York},
	Booktitle = {New York Public Library American History Desk Reference},
	Date-Added = {2009-06-17 07:29:05 -0400},
	Date-Modified = {2009-06-17 07:29:05 -0400},
	Publisher = {Macmillan},
	Title = {New York Public Library American History Desk Reference},
	Year = {1997}}

@collection{baker86aa,
	Address = {New York},
	Booktitle = {The Norton Book of Light Verse},
	Date-Added = {2009-06-17 07:15:34 -0400},
	Date-Modified = {2009-06-17 07:15:34 -0400},
	Editor = {Russell Baker},
	Publisher = {Norton},
	Shorttitle = {Norton},
	Year = {1986}}

@collection{baker93aa,
	Address = {New York},
	Booktitle = {Russell Baker's Book of American Humor},
	Date-Added = {2009-06-17 07:15:34 -0400},
	Date-Modified = {2009-06-17 07:15:34 -0400},
	Editor = {Russell Baker},
	Publisher = {Norton},
	Shorttitle = {Russell Baker's Book},
	Year = {1993}}

@collection{oates2000aa,
	Address = {Boston},
	Booktitle = {The Best American Essays of the Century},
	Date-Added = {2009-06-17 07:15:34 -0400},
	Date-Modified = {2009-06-17 07:15:34 -0400},
	Editor = {Joyce Carol Oates and Robert Atwan},
	Publisher = {Houghton},
	Sorttitle = {Best American Essays of the Century},
	Year = {2000}}

@incollection{lennon86aa,
	Author = {John Lennon},
	Crossref = {baker86aa},
	Date-Added = {2009-06-17 07:15:34 -0400},
	Date-Modified = {2009-06-17 07:15:34 -0400},
	Pages = {357-58},
	Title = {The Fat Budgie}}

@incollection{angelou86aa,
	Author = {Maya Angelou},
	Crossref = {baker86aa},
	Date-Added = {2009-06-17 07:15:34 -0400},
	Date-Modified = {2009-06-17 07:15:34 -0400},
	Pages = {276-78},
	Title = {Pickin Em Up and Layin Em Down}}

@incollection{lebowitz93aa,
	Author = {Fran Lebowitz},
	Crossref = {baker93aa},
	Date-Added = {2009-06-17 07:15:34 -0400},
	Date-Modified = {2009-06-17 07:15:34 -0400},
	Pages = {556-59},
	Title = {Manners}}

@incollection{hurston93aa,
	Author = {Zora Neale Hurston},
	Crossref = {baker93aa},
	Date-Added = {2009-06-17 07:15:34 -0400},
	Date-Modified = {2009-06-17 07:15:34 -0400},
	Pages = {458-59},
	Title = {Squinch Owl Story}}

@incollection{walker00aa,
	Author = {Alice Walker},
	Crossref = {oates2000aa},
	Date-Added = {2009-06-17 07:15:34 -0400},
	Date-Modified = {2009-06-17 07:15:34 -0400},
	Pages = {395-411},
	Title = {Looking for Zora}}

@incollection{rodriguez00aa,
	Author = {Richard Rodriguez},
	Crossref = {oates2000aa},
	Date-Added = {2009-06-17 07:15:34 -0400},
	Date-Modified = {2009-06-17 07:15:34 -0400},
	Pages = {447-66},
	Subtitle = {A Memoir of a Bilingual Childhood},
	Title = {Aria}}

@incollection{kingston00aa,
	Author = {Maxine Hong Kingston},
	Crossref = {oates2000aa},
	Date-Added = {2009-06-17 07:15:34 -0400},
	Date-Modified = {2009-06-17 07:15:34 -0400},
	Pages = {383-94},
	Title = {No Name Woman}}

@incollection{agee00aa,
	Author = {James Agee},
	Crossref = {oates2000aa},
	Date-Added = {2009-06-17 07:15:34 -0400},
	Date-Modified = {2009-06-17 07:15:34 -0400},
	Pages = {171--75},
	Subtitle = {Summer of 1915},
	Title = {Knoxville}}

@suppcollection{atwan00aa,
	Author = {Robert Atwan},
	Crossref = {oates2000aa},
	Date-Added = {2009-06-17 07:15:34 -0400},
	Date-Modified = {2009-06-17 07:15:34 -0400},
	Entrysubtype = {foreword},
	Pages = {x-xvi}}

@periodical{appiah92aa,
	Date-Added = {2009-06-16 13:07:41 -0400},
	Date-Modified = {2009-06-16 13:14:35 -0400},
	Editor = {Kwame Anthony Appiah and {Henry Louis Gates, Jr.}},
	Issuetitle = {Identities},
	Journaltitle = {Critical Inquiry},
	Number = {4},
	Pages = {625--884.},
	Volume = {18},
	Year = {1992}}

@unpublished{smithXXaa,
	Author = {Sonia Smith},
	Date-Added = {2009-06-16 12:02:53 -0400},
	Date-Modified = {2009-06-16 12:02:53 -0400},
	Note = {Unpublished essay, 1998},
	Title = {Shakespeare's Dark Lady Revisited}}

@unpublished{twainXXaa,
	Author = {Mark Twain},
	Date-Added = {2009-06-16 12:02:53 -0400},
	Date-Modified = {2009-06-16 12:02:53 -0400},
	Library = {U of California},
	Location = {Berkeley},
	Note = {Mark Twain Papers},
	Titleaddon = {Notebook 32},
	Type = {typescript}}

@unpublished{octovianXXaa,
	Booktitle = {Octovian},
	Date-Added = {2009-06-16 12:02:53 -0400},
	Date-Modified = {2009-06-16 12:02:53 -0400},
	Library = {Dean and Chapter Lib.},
	Location = {Lincolnshire, Eng.},
	Number = {91},
	Sorttitle = {Octovian},
	Type = {manuscript}}

@unpublished{salviatiXXaa,
	Author = {Lionardo Salviati},
	Booktitle = {Poetica d'Aristotile parafrasata e comentata},
	Date-Added = {2009-06-16 12:02:53 -0400},
	Date-Modified = {2009-06-16 12:02:53 -0400},
	Library = {Biblioteca Nazionale Centrale},
	Location = {Firenze},
	Number = {2.2.11},
	Type = {manuscript}}

@unpublished{chaucerXXaa,
	Author = {Geoffrey Chaucer},
	Booktitle = {The Canterbury Tales},
	Date-Added = {2009-06-16 12:02:14 -0400},
	Date-Modified = {2009-06-16 12:02:14 -0400},
	Library = {British Lib.},
	Location = {London},
	Number = {7334},
	Type = {Harley ms}}

@book{wpa00aa,
	Address = {Tuscaloosa},
	Booktitle = {The WPA Guide to 1930s Alabama},
	Date-Added = {2009-06-16 09:30:35 -0400},
	Date-Modified = {2009-06-16 09:44:39 -0400},
	Origtitle = {Alabama: A Guide to the Deep South},
	Origyear = {1941},
	Publisher = {U of Alabama P},
	Shorttitle = {WPA Guide},
	Sorttitle = {WPA Guide to 1930s Alabama},
	Title = {The WPA Guide to 1930s Alabama},
	Year = {2000}}

@book{ishiguro01aa,
	Address = {New York},
	Author = {Kazuo Ishiguro},
	Booktitle = {When We Were Orphans},
	Date-Added = {2009-06-16 09:27:38 -0400},
	Date-Modified = {2009-06-16 09:28:57 -0400},
	Origlocation = {London},
	Origpublisher = {Faber},
	Origyear = {2000},
	Publisher = {Vintage-Random},
	Shorttitle = {When We Were},
	Title = {When We Were Orphans},
	Year = {2001}}

@suppbook{doody96aa,
	Address = {New Brunswick},
	Author = {Margaret Anne Doody},
	Booktitle = {The True Story of the Novel},
	Date-Added = {2009-05-27 14:48:46 +0100},
	Date-Modified = {2009-05-27 14:49:34 +0100},
	Entrysubtype = {introduction},
	Pages = {1--11},
	Publisher = {Rutgers UP},
	Title = {In Search of the Ancient Novel},
	Year = {1996}}

@suppbook{brodsky97aa,
	Address = {Evanston},
	Author = {Joseph Brodsky},
	Bookauthor = {Tomas Venclova},
	Booktitle = {Winter Dialogue},
	Date-Added = {2009-05-27 14:46:24 +0100},
	Date-Modified = {2009-05-27 14:48:15 +0100},
	Entrysubtype = {foreword},
	Pages = {vii-xviii},
	Publisher = {Hydra-Northwestern UP},
	Title = {Poetry as a Form of Resistance to Reality},
	Translator = {Diana Senechal},
	Year = {1997}}

@suppbook{sears01aa,
	Address = {New York},
	Author = {Barry Sears},
	Bookauthor = {Upton Sinclair},
	Booktitle = {The Jungle},
	Date-Added = {2009-05-27 14:45:03 +0100},
	Date-Modified = {2009-05-27 14:45:43 +0100},
	Entrysubtype = {afterword},
	Pages = {343--347},
	Publisher = {Signet},
	Year = {2001}}

@suppbook{marsalis93aa,
	Address = {New York},
	Author = {Wynton Marsalis},
	Bookauthor = {John Edward Hasse},
	Booksubtitle = {The Life and Genius of Duke Ellington},
	Booktitle = {Beyond Category},
	Date-Added = {2009-05-27 14:43:47 +0100},
	Date-Modified = {2009-05-27 14:44:52 +0100},
	Entrysubtype = {foreword},
	Pages = {13--14},
	Publisher = {Simon},
	Year = {1993}}

@suppcollection{hamill94aa,
	Address = {New York},
	Author = {Pete Hamill},
	Booksubtitle = {Thirty Writers Celebrate America's Favorite Borough},
	Booktitle = {The Brooklyn Reader},
	Date-Added = {2009-05-27 14:41:41 +0100},
	Date-Modified = {2009-05-27 14:43:14 +0100},
	Editor = {Andrea Wyatt Sexton and Alice Leccese Powers},
	Entrysubtype = {introduction},
	Pages = {xi--xiv},
	Publisher = {Harmony},
	Year = {1994}}

@suppbook{drabble85aa,
	Address = {New York},
	Author = {Margaret Drabble},
	Bookauthor = {George Eliot},
	Booktitle = {Middlemarch},
	Date-Added = {2009-05-27 14:40:44 +0100},
	Date-Modified = {2009-05-27 14:41:30 +0100},
	Entrysubtype = {introduction},
	Pages = {vii--xvii},
	Publisher = {Bantam},
	Year = {1985}}

@suppbook{coetzee01aa,
	Address = {New York},
	Author = {J. M. Coetzee},
	Bookauthor = {Robert Musil},
	Booktitle = {The Confusions of Young T\"{o}rless},
	Date-Added = {2009-05-27 14:36:28 +0100},
	Date-Modified = {2009-05-27 14:39:28 +0100},
	Entrysubtype = {introduction},
	Pages = {v-xiii},
	Publisher = {Penguin},
	Translator = {Shaun Whiteside},
	Year = {2001}}

@suppcollection{borges73aa,
	Address = {New York},
	Author = {Jorge Luis Borges},
	Bookauthor = {Jorge Luis Borges},
	Booktitle = {Selected Poems, 1923--1967},
	Date-Added = {2009-05-27 14:27:27 +0100},
	Date-Modified = {2009-05-27 14:40:21 +0100},
	Editor = {Norman Thomas {Di Giovanni}},
	Entrysubtype = {foreword},
	Pages = {xv--xvi},
	Publisher = {Delta-Dell},
	Year = {1973}}

@inreference{le-patourel87aa,
	Author = {John {Le Patourel}},
	Booktitle = {Dictionary of the Middle Ages},
	Date-Added = {2009-05-27 14:23:51 +0100},
	Date-Modified = {2009-06-15 17:39:21 -0400},
	Editor = {Joseph R. Strayer},
	Location = {New York},
	Publisher = {Scribner's},
	Title = {Normans and Normandy},
	Volumes = {13},
	Year = {1987}}

@inreference{allen95aa,
	Author = {Anita L. Allen},
	Booktitle = {Encyclopedia of Bioethics},
	Date-Added = {2009-05-27 14:20:24 +0100},
	Date-Modified = {2009-05-27 14:22:12 +0100},
	Edition = {Rev.~ed.},
	Editor = {Warren T. Reich},
	Location = {New York},
	Publisher = {MacMillan-Simon},
	Title = {Privacy in Health Care},
	Volumes = {5},
	Year = {1995}}

@inreference{noon89aa,
	Booktitle = {The Oxford English Dictionary},
	Date-Added = {2009-05-27 14:19:08 +0100},
	Date-Modified = {2009-05-27 14:23:26 +0100},
	Edition = {2},
	Title = {Noon},
	Titleaddon = {Def.~4b},
	Year = {1989}}

@inreference{mohanty87aa,
	Author = {Jitendra M. Mohanty},
	Booksubtitle = {Macropaedia},
	Booktitle = {The New Encyclopedia Britannica},
	Date-Added = {2009-05-27 14:18:08 +0100},
	Date-Modified = {2009-05-27 14:18:56 +0100},
	Edition = {15},
	Title = {Indian Philosophy},
	Year = {1987}}

@inreference{mandarin94aa,
	Booktitle = {The Encyclopedia Americana},
	Date-Added = {2009-05-27 13:01:48 +0100},
	Date-Modified = {2009-05-27 14:17:14 +0100},
	Edition = {1994},
	Title = {Mandarin},
	Year = {1994}}

@inreference{ginsburg02aa,
	Booktitle = {Who's Who in Americana},
	Date-Added = {2009-05-27 13:00:23 +0100},
	Date-Modified = {2009-05-27 13:00:56 +0100},
	Edition = {56},
	Title = {Ginsburg, Ruth Bader},
	Year = {2002}}

@inreference{azimuthal93aa,
	Booktitle = {Merriam-Webster's Collegiate Dictionary},
	Date-Added = {2009-05-27 12:58:10 +0100},
	Date-Modified = {2009-05-27 12:59:22 +0100},
	Edition = {10},
	Title = {Azimuthal Equidistant Projection},
	Year = {1993}}

@incollection{franklin92aa,
	Address = {Boston},
	Author = {Benjamin Franklin},
	Booktitle = {The Faber Book of America},
	Date-Added = {2009-05-25 16:33:01 +0100},
	Date-Modified = {2009-05-25 16:34:08 +0100},
	Editor = {Chrisopher Ricks and William L. Vance},
	Origyear = {1782},
	Pages = {24--26},
	Publisher = {Faber},
	Title = {Emigration to America},
	Year = {1992}}

@incollection{douglass00aa,
	Address = {New York},
	Author = {Frederick Douglass},
	Booktitle = {Slave Narratives},
	Date-Added = {2009-05-25 16:21:38 +0100},
	Date-Modified = {2009-05-25 16:25:35 +0100},
	Editor = {William L. Andrews and Gates, Jr., Henry Louis},
	Entrysubtype = {book},
	Origyear = {1845},
	Pages = {267--368},
	Publisher = {Lib. of Amer.},
	Shorttitle = {Narrative},
	Title = {Narrative of the Life of Frederick Douglass, an American Slave, Written by Himself},
	Year = {2000}}

@incollection{witchcraft86aa,
	Address = {Flagstaff},
	Booksubtitle = {Tales from a Vanishing Culture},
	Booktitle = {The Hopi Way},
	Date-Added = {2009-05-25 16:14:20 +0100},
	Date-Modified = {2009-06-15 21:06:19 -0400},
	Editor = {Mando Sevillano},
	Editortype = {compiler},
	Options = {useeditor=false},
	Pages = {33--42},
	Publisher = {Northland},
	Sorttitle = {Witchcraft Story},
	Title = {A Witchcraft Story},
	Year = {1986}}

@incollection{more97aa,
	Address = {Baltimore},
	Author = {Hannah More},
	Booktitle = {British Women Poets of the Romantic Era},
	Date-Added = {2009-05-25 16:11:24 +0100},
	Date-Modified = {2009-05-25 16:13:40 +0100},
	Editor = {Paula R. Feldman},
	Pages = {472--482},
	Publisher = {Johns Hopkins UP},
	Subtitle = {A Poem},
	Title = {The Black Slave Trade},
	Year = {1997}}

@incollection{hanzlik92aa,
	Address = {Cheltenham},
	Author = {Josef Hanzl\'{i}k},
	Booktitle = {Interference: The Story of Czechoslovakia in the Words of its Writers},
	Date-Added = {2009-05-25 16:06:43 +0100},
	Date-Modified = {2009-05-25 16:09:48 +0100},
	Editor = {Peter Spafford},
	Editortype = {compilerandeditor},
	Options = {uniquetranslator},
	Publisher = {New Clarion},
	Title = {Vengeance},
	Translator = {Ewald Osers},
	Year = {1992}}

@incollection{hansberry71aa,
	Address = {New York},
	Author = {Lorraine Hansberry},
	Booktitle = {Black Theater: A Twentieth-Century Collection of the Work of Its Best Playwrights},
	Date-Added = {2009-05-25 15:45:41 +0100},
	Date-Modified = {2009-05-25 15:51:00 +0100},
	Editor = {Lindsay Patterson},
	Entrysubtype = {play},
	Pages = {221--276},
	Publisher = {Dodd},
	Shorttitle = {Raisin in the Sun},
	Title = {A Raisin in the Sun},
	Year = {1971}}

@incollection{franco98aa,
	Address = {Chicago},
	Author = {Veronica Franco},
	Booktitle = {Poems and Selected Letters},
	Date-Added = {2009-05-25 15:41:45 +0100},
	Date-Modified = {2009-06-16 11:35:16 -0400},
	Editor = {Ann Rosalind Jones and Margaret F. Rosenthal},
	Pages = {35--37},
	Publisher = {U of Chicago P},
	Title = {To the Painter Jacopo Tintoretto},
	Translator = {Ann Rosalind Jones and Margaret F. Rosenthal},
	Year = {1998}}

@incollection{allende92aa,
	Author = {Isabel Allende},
	Crossref = {colchie92aa},
	Date-Added = {2009-05-25 09:37:20 +0100},
	Date-Modified = {2009-05-25 15:39:27 +0100},
	Options = {uniquetranslator},
	Pages = {83--88},
	Title = {Toad's Mouth},
	Translator = {Margaret Sayers Peden},
	Xref = {colchie92aa}}

@collection{colchie92aa,
	Address = {New York},
	Booksubtitle = {Stories from Latin America},
	Booktitle = {A Hammock Beneath the Mangoes},
	Date-Added = {2009-05-25 09:35:41 +0100},
	Date-Modified = {2009-05-25 11:49:06 +0100},
	Editor = {Thomas Colchie},
	Publisher = {Plume},
	Title = {A Hammock Beneath the Mangoes: Stories from Latin America},
	Translator = {Margaret Sayers Peden},
	Year = {1992}}

@book{public-agenda-foundation92aa,
	Address = {New York},
	Author = {{Public Agenda Foundation}},
	Booktitle = {The Health Care Crisis},
	Date-Added = {2009-05-24 15:19:48 +0100},
	Date-Modified = {2009-05-24 15:20:24 +0100},
	Publisher = {McGraw},
	Subtitle = {Containing Costs, Expanding Coverage},
	Title = {The Health Care Crisis},
	Year = {1992}}

@book{national-research-council00aa,
	Address = {Washington},
	Author = {{National Research Council}},
	Booktitle = {Beyond Six Billion},
	Date-Added = {2009-05-24 15:18:49 +0100},
	Date-Modified = {2009-05-24 15:19:33 +0100},
	Publisher = {Natl. Acad.},
	Subtitle = {Forecasting the World's Population},
	Title = {Beyond Six Billion},
	Year = {2000}}

@book{american-medical-association89aa,
	Address = {New York},
	Author = {{American Medical Association}},
	Booktitle = {The American Medical Association Encyclopedia of Medicine},
	Date-Added = {2009-05-24 15:16:04 +0100},
	Date-Modified = {2009-05-24 15:17:02 +0100},
	Editor = {Charles B. Clayman},
	Publisher = {Random},
	Title = {The American Medical Association Encyclopedia of Medicine},
	Year = {1989}}

@collection{rabkin83aa,
	Address = {Carbondale},
	Booktitle = {No Place Else},
	Date-Added = {2009-05-24 15:10:25 +0100},
	Date-Modified = {2009-05-24 15:11:36 +0100},
	Editor = {Eric S. Rabkin and Martin H. Greenberg and Joseph D. Olander},
	Publisher = {Southern Illinois UP},
	Subtitle = {Explorations in Utopian and Dystopian Fiction},
	Title = {No Place Else},
	Year = {1983}}

@book{marquart94aa,
	Address = {Austin},
	Author = {James W. Marquart and Sheldon Ekland Olson and Jonathan R. Sorensen},
	Booktitle = {The Rope, the Chair, and the Needle},
	Date-Added = {2009-05-24 15:08:26 +0100},
	Date-Modified = {2009-05-24 15:10:01 +0100},
	Publisher = {U of Texas P},
	Shorttitle = {Rope, Chair, and Needle},
	Subtitle = {Capital Punishment in Texas, 1923--1990},
	Title = {The Rope, the Chair, and the Needle},
	Year = {1994}}

@collection{frye57ab,
	Address = {New York},
	Booktitle = {Sound and Poetry},
	Date-Added = {2009-05-24 15:05:15 +0100},
	Date-Modified = {2009-05-24 15:06:05 +0100},
	Editor = {Northrop Frye},
	Publisher = {Columbia UP},
	Title = {Sound and Poetry},
	Year = {1957}}

@book{frye91aa,
	Address = {Toronto},
	Author = {Northrop Frye},
	Booktitle = {The Double Vision},
	Date-Added = {2009-05-24 15:04:06 +0100},
	Date-Modified = {2009-05-24 15:05:01 +0100},
	Publisher = {U of Toronto P},
	Shorttitle = {Double Vision},
	Sorttitle = {Double Vision},
	Subtitle = {Language and Meaning in Religion},
	Title = {The Double Vision},
	Year = {1991}}

@collection{frye62aa,
	Address = {Toronto},
	Booktitle = {Design for Learning},
	Date-Added = {2009-05-24 14:57:09 +0100},
	Date-Modified = {2009-05-24 14:58:25 +0100},
	Editor = {Northrop Frye},
	Publisher = {U of Toronto P},
	Subtitle = {Reports Submitted to the Joint Committee of the Toronto Board of Education and the University of Toronto},
	Title = {Design for Learning},
	Year = {1962}}

@collection{frye57aa,
	Address = {Princeton},
	Author = {Northrop Frye},
	Booktitle = {Anatomy of Criticism},
	Date-Added = {2009-05-24 14:55:45 +0100},
	Date-Modified = {2009-05-24 14:56:40 +0100},
	Publisher = {Princeton UP},
	Subtitle = {Four Essays},
	Title = {Anatomy of Criticism},
	Year = {1957}}

@collection{weisser01aa,
	Address = {New York},
	Booktitle = {Women and Romance},
	Date-Added = {2009-05-24 14:47:39 +0100},
	Date-Modified = {2009-05-24 14:55:37 +0100},
	Editor = {Susan Ostrov Weisser},
	Publisher = {New York UP},
	Subtitle = {A Reader},
	Title = {Women and Romance},
	Year = {2001}}

@book{spafford92aa,
	Address = {Cheltenham},
	Booktitle = {Interference},
	Date-Added = {2009-05-24 14:37:08 +0100},
	Date-Modified = {2009-06-15 19:25:11 -0400},
	Editor = {Peter Spafford},
	Editortype = {compilerandeditor},
	Publisher = {New Clarion},
	Subtitle = {The Story of Czechoslovakia in the Words of Its Writers},
	Title = {Interference},
	Year = {1992}}

@book{sevillano86aa,
	Address = {Flagstaff},
	Booktitle = {The Hopi Way},
	Date-Added = {2009-05-24 14:28:51 +0100},
	Date-Modified = {2009-05-24 14:30:39 +0100},
	Editor = {Mando Sevillano},
	Editortype = {compiler},
	Publisher = {Northland},
	Subtitle = {Tales from a Vanishing Culture},
	Title = {The Hopi Way},
	Year = {1986}}

@collection{gilbert01ab,
	Address = {New York},
	Booktitle = {Grand Ol' Time},
	Date-Added = {2009-05-24 14:11:23 +0100},
	Date-Modified = {2009-05-24 14:16:55 +0100},
	Editor = {Goofy Dog and Puddy Tat and Mickey Mouse and Donald Duck},
	Options = {totalnames=false},
	Publisher = {Norton},
	Subtitle = {A Book of Elegies},
	Title = {Grand Ol' Time},
	Year = {2001}}

@book{tatar92aa,
	Address = {Princeton},
	Author = {Maria Tatar},
	Booktitle = {Off with Their Heads!},
	Date-Added = {2009-05-24 14:07:48 +0100},
	Date-Modified = {2009-05-24 16:08:02 +0100},
	Publisher = {Princeton UP},
	Shorttitle = {Off with Their Heads!},
	Subtitle = {Fairy Tales and the Culture of Childhood},
	Title = {Off with Their Heads!},
	Year = {1992}}

@book{silver97aa,
	Address = {New York},
	Author = {Lee M. Silver},
	Booktitle = {Remaking Eden},
	Date-Added = {2009-05-24 14:07:01 +0100},
	Date-Modified = {2009-05-24 14:07:36 +0100},
	Publisher = {Avon},
	Subtitle = {Cloning and Beyond in a Brave New World},
	Title = {Remaking Eden},
	Year = {1997}}

@book{rowling00aa,
	Address = {New York},
	Author = {J[oanne] K[athleen] Rowling},
	Booktitle = {Harry Potter and the Goblet of Fire},
	Date-Added = {2009-05-24 14:05:45 +0100},
	Date-Modified = {2009-05-24 14:06:25 +0100},
	Publisher = {Levine-Scholastic},
	Title = {Harry Potter and the Goblet of Fire},
	Year = {2000}}

@book{lecarre01aa,
	Address = {New York},
	Author = {Le Carr\'{e}, John},
	Booktitle = {The Constant Gardner},
	Date-Added = {2009-05-24 13:59:37 +0100},
	Date-Modified = {2009-05-25 16:47:46 +0100},
	Nameaddon = {David Cornwell},
	Options = {useprefix=true},
	Publisher = {Scribner's},
	Shorttitle = {Constant Gardner},
	Sorttitle = {Constant Gardner},
	Title = {The Constant Gardner},
	Year = {2001}}

@book{kurlansky02aa,
	Address = {New York},
	Author = {Mark Kurlansky},
	Booktitle = {Salt},
	Date-Added = {2009-05-24 13:58:51 +0100},
	Date-Modified = {2009-05-24 13:59:22 +0100},
	Publisher = {Walker},
	Subtitle = {A World History},
	Title = {Salt},
	Year = {2002}}

@book{freedman84aa,
	Address = {New York},
	Author = {Richard R. Freedman},
	Booktitle = {What Do Unions Do?},
	Date-Added = {2009-05-24 13:57:53 +0100},
	Date-Modified = {2009-05-24 13:58:20 +0100},
	Publisher = {Basic},
	Title = {What Do Unions Do?},
	Year = {1984}}

@book{berlage94aa,
	Address = {Westport},
	Author = {Gai Ingham Berlage},
	Booktitle = {Women in Baseball},
	Date-Added = {2009-05-24 13:56:44 +0100},
	Date-Modified = {2009-05-24 13:57:37 +0100},
	Publisher = {Greenwood},
	Subtitle = {The Forgotten History},
	Title = {Women in Baseball},
	Year = {1994}}

@book{gilbert79aa,
	Address = {New Haven},
	Author = {Sandra M. Gilbert and Susan Gubar},
	Booktitle = {The Madwoman in the Attic},
	Date-Added = {2009-05-24 13:27:39 +0100},
	Date-Modified = {2009-05-24 13:31:28 +0100},
	Publisher = {Yale UP},
	Shorttitle = {Madwoman in the Attic},
	Sorttitle = {Madwoman in the Attic},
	Subtitle = {The Woman Writer and the Nineteenth-Century Literary Imagination},
	Title = {The Madwoman in the Attic},
	Year = {1979}}

@collection{gilbert01aa,
	Address = {New York},
	Booktitle = {Inventions of Farewell},
	Date-Added = {2009-05-24 13:26:30 +0100},
	Date-Modified = {2009-05-24 13:30:25 +0100},
	Editor = {Sandra M. Gilbert},
	Publisher = {Norton},
	Subtitle = {A Book of Elegies},
	Title = {Inventions of Farewell},
	Year = {2001}}

@collection{gilbert95aa,
	Address = {New York},
	Author = {Sandra M. Gilbert},
	Booktitle = {Ghost Volcano},
	Date-Added = {2009-05-24 13:25:29 +0100},
	Date-Modified = {2009-05-24 13:26:26 +0100},
	Publisher = {Norton},
	Subtitle = {Poems},
	Title = {Ghost Volcano},
	Year = {1995}}

@book{durant77aa,
	Address = {New York},
	Author = {Will Durant and Ariel Durant},
	Booktitle = {A Dual Autobiography},
	Date-Added = {2009-05-24 13:24:36 +0100},
	Date-Modified = {2009-05-24 13:31:47 +0100},
	Publisher = {Simon},
	Shorttitle = {Dual Autobiography},
	Sorttitle = {Dual Autobiography},
	Title = {A Dual Autobiography},
	Year = {1977}}

@book{durant65aa,
	Address = {New York},
	Author = {Will Durant and Ariel Durant},
	Booktitle = {The Age of Voltaire},
	Date-Added = {2009-05-24 13:23:53 +0100},
	Date-Modified = {2009-05-24 13:31:38 +0100},
	Publisher = {Simon},
	Shorttitle = {Age of Voltaire},
	Sorttitle = {Age of Voltaire},
	Title = {The Age of Voltaire},
	Year = {1965}}

@book{gilman93ab,
	Address = {Berkeley, CA},
	Author = {Sander Gilman and Helen King and Roy Porter and George Rousseau and Elaine Showalter},
	Booktitle = {Hysteria beyond Freud},
	Date-Added = {2009-05-24 12:35:28 +0100},
	Date-Modified = {2009-05-24 12:47:58 +0100},
	Options = {totalnames=true},
	Publisher = {U of California P},
	Shortauthor = {{Gilman, King, Porter, Rousseau, and Showalter}},
	Title = {Hysteria beyond Freud},
	Year = {1993}}

@book{gilman93aa,
	Address = {Berkeley, CA},
	Author = {Sander Gilman and Helen King and Roy Porter and George Rousseau and Elaine Showalter},
	Booktitle = {Hysteria beyond Freud},
	Date-Added = {2009-05-24 12:34:30 +0100},
	Date-Modified = {2009-05-24 12:35:21 +0100},
	Publisher = {U of California P},
	Title = {Hysteria beyond Freud},
	Year = {1993}}

@book{quirk85ab,
	Address = {London},
	Author = {Randolph Quirk and Sidney Greenbaum and Geoffrey Leech and Jan Svartvik},
	Booktitle = {A Comprehensive Grammar of the English Language},
	Date-Added = {2009-05-24 12:13:04 +0100},
	Date-Modified = {2009-05-24 13:32:02 +0100},
	Options = {totalnames=true},
	Publisher = {Longman},
	Shortauthor = {{Quirk, Greenbaum, Leech, and Svartvik}},
	Shorttitle = {Comprehensive Grammar},
	Sorttitle = {Comprehensive Grammar of the English},
	Title = {A Comprehensive Grammar of the English Language},
	Year = {1985}}

@book{quirk85aa,
	Address = {London},
	Author = {Randolph Quirk and Sidney Greenbaum and Geoffrey Leech and Jan Svartvik},
	Booktitle = {A Comprehensive Grammar of the English Language},
	Date-Added = {2009-05-24 12:11:58 +0100},
	Date-Modified = {2009-05-24 13:32:08 +0100},
	Publisher = {Longman},
	Shorttitle = {Comprehensive Grammar},
	Sorttitle = {Comprehensive Grammar of the English},
	Title = {A Comprehensive Grammar of the English Language},
	Year = {1985}}

@book{hutcheon00aa,
	Address = {Lincoln},
	Author = {Linda Hutcheon and Michael Hutcheon},
	Booktitle = {Bodily Charm},
	Date-Added = {2009-05-24 12:10:55 +0100},
	Date-Modified = {2009-05-24 12:11:31 +0100},
	Publisher = {U of Nebraska P},
	Subtitle = {Living Opera},
	Title = {Bodily Charm},
	Year = {2000}}

@book{eggins97aa,
	Address = {London},
	Author = {Suzanne Eggins and Diana Slade},
	Booktitle = {Analysing Casual Conversation},
	Date-Added = {2009-05-24 12:09:54 +0100},
	Date-Modified = {2009-05-24 12:10:20 +0100},
	Publisher = {Cassell},
	Title = {Analysing Casual Conversation},
	Year = {1997}}

@collection{borroff63aa,
	Address = {Englewood Cliffs},
	Booktitle = {Wallace Stevens},
	Date-Added = {2009-05-24 12:03:13 +0100},
	Date-Modified = {2009-05-24 12:06:05 +0100},
	Editor = {Marie Borroff},
	Publisher = {Prentice},
	Subtitle = {A Collection of Critical Essays},
	Title = {Wallace Stevens},
	Year = {1963}}

@book{borroff67aa,
	Address = {New York},
	Booktitle = {Sir Gawain and the Green Knight},
	Date-Added = {2009-05-24 12:02:17 +0100},
	Date-Modified = {2009-05-24 12:05:41 +0100},
	Options = {usetranslator=true},
	Publisher = {Norton},
	Title = {Sir Gawain and the Green Knight},
	Translator = {Marie Borroff},
	Year = {1967}}

@book{borroff79aa,
	Address = {Chicago},
	Author = {Marie Borroff},
	Booktitle = {Language and the Past},
	Date-Added = {2009-05-24 12:00:30 +0100},
	Date-Modified = {2009-05-24 12:02:16 +0100},
	Publisher = {U of Chicago P},
	Shorttitle = {Language and the Past},
	Subtitle = {Verbal Artistry in Frost, Stevens, and Moore},
	Title = {Language and the Past},
	Year = {1979}}

@collection{lopate94aa,
	Address = {New York},
	Booktitle = {The Art of the Personal Essay},
	Date-Added = {2009-05-24 11:58:05 +0100},
	Date-Modified = {2009-05-24 13:32:22 +0100},
	Editor = {Phillip Lopate},
	Publisher = {Anchor-Doubleday},
	Shorttitle = {Art of the Personal Essay},
	Sorttitle = {Art of the Personal Essay},
	Subtitle = {An Anthology from the Classical Era to the Present},
	Title = {The Art of the Personal Essay},
	Year = {1994}}

@book{fukuyama02aa,
	Address = {New York},
	Author = {Francis Fukuyama},
	Booktitle = {Our Posthuman Future},
	Date-Added = {2009-05-24 11:47:10 +0100},
	Date-Modified = {2009-05-24 11:49:41 +0100},
	Publisher = {Farrar},
	Shorttitle = {Our Posthuman Future},
	Subtitle = {Consequences of the Biotechnology Revolution},
	Title = {Our Posthuman Future},
	Year = {2002}}

@comment{BibDesk Smart Groups{
<?xml version="1.0" encoding="UTF-8"?>
<!DOCTYPE plist PUBLIC "-//Apple//DTD PLIST 1.0//EN" "http://www.apple.com/DTDs/PropertyList-1.0.dtd">
<plist version="1.0">
<array>
	<dict>
		<key>conditions</key>
		<array>
			<dict>
				<key>comparison</key>
				<integer>0</integer>
				<key>key</key>
				<string>Date-Added</string>
				<key>value</key>
				<string></string>
				<key>version</key>
				<string>1</string>
			</dict>
		</array>
		<key>conjunction</key>
		<integer>0</integer>
		<key>group name</key>
		<string>today</string>
	</dict>
</array>
</plist>
}}
