%% This BibTeX bibliography file was created using BibDesk.
%% http://bibdesk.sourceforge.net/


%% Created for James M Clawson at 2008-10-27 09:17:00 +0000 


%% Saved with string encoding Western (ASCII) 



@periodical{appiah92aa,
	Annote = {This is the citation for a periodical entrytype.  I found this source listed in the \emph{MLA Style Manual}.},
	Booktitle = {Critical Inquiry},
	Date-Added = {2008-10-20 14:15:43 +0100},
	Date-Modified = {2008-10-20 14:27:34 +0100},
	Editor = {Kwame Anthony Appiah and {Henry Louis Gates, Jr.}},
	Issuetitle = {Identities},
	Number = {4},
	Pages = {625--884.},
	Title = {Critical Inquiry},
	Volume = {18},
	Year = {1992}}

@proceedings{smith09aa,
	Annote = {This is the citation for a proceedings entrytype.},
	Address = {Amsterdam},
	Booktitle = {What a Cool Booktitle!},
	Date-Added = {2008-10-20 13:52:39 +0100},
	Date-Modified = {2008-10-27 08:18:19 +0000},
	Editor = {Bob Smith},
	Institution = {Hali\c{c} University},
	Eventtitle = {Cool Titles Conf.},
	Organization = {Funny Little Society},
	Pages = {101-112},
	Publisher = {Rodopi},
	Title = {What a Cool Booktitle!},
	Urldate = {2008-04-17},
	Venue = {Istanbul},
	Year = {2009}}

@unpublished{smithXXaa,
	Annote = {This is the citation for an unpublished entrytype. I found this source listed in the \emph{MLA Style Manual}.},
	Author = {Sonia Smith},
	Date-Added = {2008-10-20 11:57:22 +0100},
	Date-Modified = {2008-10-20 11:58:13 +0100},
	Note = {Unpublished essay, 1998},
	Title = {Shakespeare's Dark Lady Revisited}}

@unpublished{twainXXaa,
	Annote = {This is the citation for an unpublished entrytype. I found this source listed in the \emph{MLA Style Manual}.},
	Author = {Mark Twain},
	Date-Added = {2008-10-20 11:54:52 +0100},
	Date-Modified = {2008-10-20 11:57:18 +0100},
	Library = {U of California},
	Location = {Berkeley},
	Note = {Mark Twain Papers},
	Titleaddon = {Notebook 32},
	Type = {typescript}}

@unpublished{octovianXXaa,
	Annote = {This is the citation for an unpublished entrytype. I found this source listed in the \emph{MLA Style Manual}.},
	Booktitle = {Octovian},
	Date-Added = {2008-10-20 11:54:00 +0100},
	Date-Modified = {2008-10-20 12:12:41 +0100},
	Library = {Dean and Chapter Lib.},
	Location = {Lincolnshire, Eng.},
	Number = {91},
	Sorttitle = {Octovian},
	Type = {manuscript}}

@unpublished{salviatiXXaa,
	Annote = {This is the citation for an unpublished entrytype. I found this source listed in the \emph{MLA Style Manual}.},
	Author = {Lionardo Salviati},
	Booktitle = {Poetica d'Aristotile parafrasata e comentata},
	Date-Added = {2008-10-20 11:51:04 +0100},
	Date-Modified = {2008-10-20 12:12:11 +0100},
	Library = {Biblioteca Nazionale Centrale},
	Location = {Firenze},
	Number = {2.2.11},
	Type = {manuscript}}

@unpublished{chaucerXXaa,
	Annote = {This is the citation for an unpublished entrytype. I found this source listed in the \emph{MLA Style Manual}.},
	Author = {Geoffrey Chaucer},
	Booktitle = {The Canterbury Tales},
	Date-Added = {2008-10-20 11:49:22 +0100},
	Date-Modified = {2008-10-20 11:51:01 +0100},
	Library = {British Lib.},
	Location = {London},
	Number = {7334},
	Type = {Harley ms}}

@phdthesis{webb80ab,
	Annote = {This is the citation for a phdthesis entrytype.},
	Author = {I. C. Webb},
	Date-Added = {2008-10-20 10:39:11 +0100},
	Date-Modified = {2008-10-20 10:59:54 +0100},
	Entrysubtype = {unpublished},
	Institution = {Correspondence Course State University},
	Location = {Somewhere, NB},
	Origyear = {1975},
	Publisher = {Routledge},
	Shorttitle = {MSc},
	Sorttitle = {MSc},
	Title = {An Unpublished Lic.~Phil.~Thesis},
	Type = {lic},
	Year = {1981}}

@phdthesis{webb80aa,
	Annote = {This is the citation for a phdthesis entrytype.},
	Author = {I. C. Webb},
	Date-Added = {2008-10-20 10:33:40 +0100},
	Date-Modified = {2008-10-20 11:12:18 +0100},
	Entrysubtype = {published},
	Institution = {Correspondence Course State University},
	Location = {Somewhere, NB},
	Number = {4},
	Origyear = {1975},
	Publisher = {Routledge},
	Series = {Transnational Thought},
	Shorttitle = {MSc},
	Sorttitle = {MSc},
	Title = {A Published MSc Thesis},
	Type = {msc},
	Year = {1981}}

@article{slinger07ab,
	Annote = {This is the citation for an article entrytype.},
	Author = {Mudd Slinger},
	Date = {2007-07-02},
	Date-Added = {2008-10-04 12:10:52 +0100},
	Date-Modified = {2008-10-04 12:40:18 +0100},
	Entrysubtype = {newspaper},
	Journal = {Copycat},
	Pages = {1-3},
	Shorttitle = {Sectional},
	Sorttitle = {Sectional 2},
	Title = {Sectional Sections with Numbers in Newspapers}}

@article{slinger07aa,
	Annote = {This is the citation for an article entrytype.},
	Author = {Mudd Slinger},
	Chapter = {4},
	Date = {2007-06-27},
	Date-Added = {2008-10-04 11:48:09 +0100},
	Date-Modified = {2008-10-04 12:39:49 +0100},
	Entrysubtype = {newspaper},
	Journal = {Zeitgeist},
	Location = {Albuquerque},
	Pages = {2-4},
	Shorttitle = {Sectional},
	Sorttitle = {Sectional 1},
	Title = {Sectional Sections with Numbers in Newspapers},
	Version = {natl. ed.}}

@book{craig87aa,
	Annote = {This is the citation for a book entrytype.},
	Address = {Aberdeen},
	Author = {Craig, Cairns},
	Booktitle = {Craig, Cairns},
	Date-Added = {2008-09-12 14:25:31 +0100},
	Date-Modified = {2008-09-12 14:26:29 +0100},
	Publisher = {Aberdeen UP},
	Title = {History of Scottish Literature},
	Volume = {2--3},
	Year = {1987--1988}}

@book{gamer00aa,
	Annote = {This is the citation for a book entrytype.},
	Address = {Cambridge},
	Author = {Gamer, Michael},
	Date-Added = {2008-09-12 14:21:23 +0100},
	Date-Modified = {2008-09-12 14:22:14 +0100},
	Number = {40},
	Publisher = {Cambridge UP},
	Series = {Cambridge Studies in Romanticism},
	Title = {Romanticism and the Gothic: Genre, Reception, and Canon Formation},
	Year = {2000}}

@article{makward95ab,
	Annote = {This is the citation for an article entrytype.},
	Author = {Christiane Makward},
	Date-Added = {2008-09-09 14:53:56 +0100},
	Date-Modified = {2008-10-04 11:42:47 +0100},
	Issuetitle = {Maryse Cond{\'e}},
	Journal = {Callaloo},
	Number = {3},
	Pages = {681--689},
	Shorttitle = {Reading},
	Title = {Reading Maryse Cond{\'e}'s Theater},
	Volume = {18},
	Year = {1995}}

@article{makward95aa,
	Annote = {This is the citation for an article entrytype. I found this source listed in the \emph{MLA Style Manual}.},
	Author = {Christiane Makward},
	Date-Added = {2008-09-09 14:21:14 +0100},
	Date-Modified = {2008-10-04 11:59:19 +0100},
	Editor = {Delphine Perret and Marie-Denise Shelton},
	Issuetitle = {Maryse Cond{\'e}},
	Journal = {Callaloo},
	Number = {3},
	Pages = {681--689},
	Shorttitle = {Reading},
	Title = {Reading Maryse Cond{\'e}'s Theater},
	Volume = {18},
	Year = {1995}}

@inreference{reference-noon89aa,
	Annote = {This is the citation for an inreference entrytype. I found this source listed in the \emph{MLA Style Manual}.},
	Booktitle = {The Oxford English Dictionary},
	Date-Added = {2008-05-08 14:08:17 +0100},
	Date-Modified = {2008-05-08 14:08:48 +0100},
	Edition = {2},
	Title = {Noon},
	Titleaddon = {Def.~4b},
	Year = {1989}}

@inreference{reference-ginsburg02aa,
	Annote = {This is the citation for an inreference entrytype. I found this source listed in the \emph{MLA Style Manual}.},
	Booktitle = {Who's Who in Americana},
	Date-Added = {2008-05-08 14:03:36 +0100},
	Date-Modified = {2008-05-08 14:04:29 +0100},
	Edition = {56},
	Title = {Ginsburg, Ruth Bader},
	Year = {2002}}

@inreference{mohanty87aa,
	Annote = {This is the citation for an inreference entrytype. I found this source listed in the \emph{MLA Style Manual}.},
	Author = {Jitendra M. Mohanty},
	Booktitle = {The New Encyclopaedia Britannica: Macropedia},
	Date-Added = {2008-05-08 14:08:17 +0100},
	Date-Modified = {2008-05-08 14:08:48 +0100},
	Edition = {15},
	Title = {Indian Philosophy},
	Year = {1987}}

@booklet{washingtondc00aa,
	Annote = {This is the citation for a booklet entrytype. I found this source listed in the \emph{MLA Style Manual}.},
	Location = {New York},
	Publisher = {Trip Builder},
	Title = {Washington, DC},
	Year = {2000}}

@booklet{renoir94aa,
	Annote = {This is the citation for a booklet entrytype. I found this source listed in the \emph{MLA Style Manual}.},
	Location = {New York},
	Publisher = {Dover},
	Title = {Renoir Lithographs},
	Year = {1994}}

@video{capra01aa,
	Annote = {This is the citation for a video entrytype. I found this source listed in the \emph{MLA Style Manual}.},
	Date-Added = {2008-05-08 13:29:17 +0100},
	Date-Modified = {2008-10-20 19:05:07 +0100},
	Editor = {Frank Capra},
	Editortype = {director},
	Howpublished = {DVD},
	Namea = {James Stewart and Donna Read and Lionel Barrymore and Thomas Mitchell},
	Nameatype = {performers},
	Options = {useeditor=false},
	Origyear = {1946},
	Publisher = {Republic},
	Title = {It's a Wonderful Life},
	Year = {2001}}

@video{jhabvala85aa,
	Annote = {This is the citation for a video entrytype. I found this source listed in the \emph{MLA Style Manual}.},
	Author = {Ruth Prawer Jhabvala},
	Authortype = {adaptor},
	Bookauthor = {E. M. Forster},
	Date-Added = {2008-05-08 13:29:17 +0100},
	Date-Modified = {2008-10-20 19:04:40 +0100},
	Editor = {James Ivory},
	Editortype = {director},
	Namea = {Ismail Merchant},
	Nameatype = {producer},
	Nameb = {Maggie Smith and Denholm Eliot and Helena Bonham Carter and and Daniel Day-Lewis},
	Namebtype = {performers},
	Publisher = {Cinecom Intl.~Films},
	Title = {A Room with a View},
	Year = {1985}}

@review{danish1972aa,
	Annote = {Listed here are examples of annotations listed within the Works Cited.  This particular entry is the citation for a review entrytype. I found the source listed in the \emph{MLA Style Manual}.\par Define annotations in the .bib file, and call them with an option in the preamble.  Indicate paragraph breaks using the ``par'' command.},
	Booktitle = {Anthology of Danish Literature},
	Date = {1972-07-07},
	Date-Added = {2008-05-05 12:05:33 +0100},
	Date-Modified = {2008-05-05 12:15:42 +0100},
	Entrysubtype = {newspaper},
	Editor = {F. J. Billeskov Jansen and P. M. Mitchell},
	Journaltitle = {Times Literary Supplement},
	Pages = {785},
	Sortname = {{Anthology of Danish Literature}}}

@review{slater01aa,
	Annote = {This is the citation for a review entrytype.},
	Author = {Lisa Slater},
	Bookauthor = {Kim Scott},
	Booktitle = {Benang: From the Heart},
	Date = {2001},
	Date-Added = {2008-05-05 11:18:18 +0100},
	Date-Modified = {2008-05-05 11:21:01 +0100},
	Journaltitle = {Southerly},
	Number = {1},
	Pages = {224},
	Title = {\emph{Benang}: `I found myself among Paper'},
	Volume = {61}}

@incollection{haggis99aa,
	Annote = {This is the citation for an incollection entrytype.},
	Author = {Mary Haggis},
	Crossref = {reader99aa},
	Date-Added = {2007-08-14 12:55:28 +0100},
	Date-Modified = {2008-10-26 23:22:40 +0000},
	Origyear = {1965},
	Pages = {6-10},
	Title = {Another Article (Incollection) Cross-Reffing a Book}}

@incollection{sampul99aa,
	Annote = {This is the citation for an incollection entrytype.},
	Author = {F. I. N. Al Sampul},
	Crossref = {reader99aa},
	Date-Added = {2007-08-14 12:54:53 +0100},
	Date-Modified = {2007-08-14 12:55:25 +0100},
	Pages = {1-5},
	Title = {An Article Crossref-ing a Collection}}

@collection{reader99aa,
	Annote = {This is the citation for a collection entrytype.},
	Address = {Utopia, NB},
	Booktitle = {Book of Collected Things by Many People for Crossrefs},
	Date-Added = {2007-08-14 12:51:22 +0100},
	Date-Modified = {2007-08-14 13:10:32 +0100},
	Editor = {Ima G. Reader},
	Publisher = {Publishers, Ltd.},
	Shorttitle = {Book of Collected},
	Title = {Book of Collected Things by Many People for Crossrefs},
	Year = {1999}}

@incollection{example99aa,
	Annote = {This is the citation for an incollection entrytype.},
	Author = {Anna Other Example},
	Crossref = {public99ac},
	Date-Added = {2007-08-14 12:49:19 +0100},
	Date-Modified = {2007-08-14 12:51:16 +0100},
	Pages = {105-195},
	Shorttitle = {Incollection},
	Title = {Incollection Template},
	Volume = {1}}

@incollection{example99ab,
	Annote = {This is the citation for an incollection entrytype.},
	Author = {Anna Other Example},
	Crossref = {public99ac},
	Date-Added = {2007-08-14 12:49:19 +0100},
	Date-Modified = {2007-08-14 12:51:16 +0100},
	Pages = {275-301},
	Shorttitle = {Yet Another},
	Title = {Yet Another Crossref Work},
	Volume = {1}}

@thesis{webb84aa,
	Annote = {This is the citation for a thesis entrytype.},
	Address = {Somewhere, NB},
	Author = {I. C. Webb},
	Date-Added = {2007-08-14 12:48:08 +0100},
	Date-Modified = {2008-10-04 11:07:25 +0100},
	Note = {Nota bene},
	School = {Correspondence Course State University},
	Sorttitle = {Masters},
	Title = {The Masters Thesis Template},
	Titleaddon = {Nota bene},
	Type = {msc},
	Year = {1984}}

@thesis{webb81aa,
	Annote = {This is the citation for a thesis entrytype.},
	Address = {Somewhere, NB},
	Author = {I. C. Webb},
	Date-Added = {2007-08-14 12:46:19 +0100},
	Date-Modified = {2007-08-22 08:57:18 +0100},
	School = {Correspondence Course State University},
	Shorttitle = {PhD},
	Sorttitle = {PhD},
	Title = {A PhD Dissertation Template},
	Type = {phd},
	Year = {1981}}

@article{webb83aa,
	Annote = {This is the citation for an article entrytype.},
	Author = {I. C. Webb},
	Date-Added = {2008-01-29 12:44:36 +0100},
	Date-Modified = {2008-01-29 13:13:08 +0100},
	Journal = {Online Studies},
	Number = {1},
	Shorttitle = {Online},
	Title = {Online Article Template with Access Date},
	Url = {www.example.com/webb1983},
	Urldate = {2007-11-22},
	Volume = {9},
	Year = {1983},
	Bdsk-Url-1 = {www.example.com/webb1983}}

@article{askme06aa,
	Annote = {This is the citation for an article entrytype.},
	Author = {Donna Askme},
	Date-Added = {2007-08-14 12:43:03 +0100},
	Date-Modified = {2007-08-14 12:44:20 +0100},
	Journal = {Journal of Translated Articles},
	Month = {9},
	Pages = {12-19},
	Shorttitle = {Elaborate},
	Title = {Elaborate Article},
	Translator = {Minnie Tongues},
	Volume = {29},
	Year = {2006}}

@article{askme92aa,
	Annote = {This is the citation for an article entrytype.},
	Author = {Donna Askme},
	Journal = {Journal of Pseudonyms},
	Nameaddon = {Donnatella},
	Number = {1},
	Pages = {314--329},
	Shorttitle = {Unique},
	Title = {Unique Pseudonymity},
	Volume = {4},
	Year = {1992}}

@article{taskme06aa,
	Annote = {This is the citation for an article entrytype.},
	Author = {Donna Taskme},
	Date-Added = {2007-08-14 12:43:03 +0100},
	Date-Modified = {2007-08-14 12:44:20 +0100},
	Journal = {Journal of Translated Articles},
	Month = {9},
	Pages = {12-19},
	Shorthand = {EA},
	Shorttitle = {Elaborate Article},
	Title = {Elaborate Article with Shorthand},
	Translator = {Minnie Tongues},
	Volume = {29},
	Year = {2006}}

@article{taskme07aa,
	Annote = {This is the citation for an article entrytype.},
	Author = {Donna Taskme},
	Date-Added = {2007-08-14 12:43:03 +0100},
	Date-Modified = {2007-08-14 12:44:20 +0100},
	Journal = {Journal of Translated Articles},
	Month = {9},
	Pages = {12-19},
	Shorttitle = {Simple Article},
	Title = {Simple Article without Shorthand},
	Translator = {Minnie Tongues},
	Volume = {29},
	Year = {2007}}

@article{doe05aa,
	Annote = {This is the citation for an article entrytype.},
	Author = {Jane Doe},
	Date-Added = {2007-08-14 12:41:58 +0100},
	Date-Modified = {2007-08-14 12:42:46 +0100},
	Journal = {General Studies},
	Number = {4},
	Pages = {12-45},
	Shorttitle = {Default},
	Title = {Default Article Template},
	Volume = {4},
	Year = {2005}}

@article{slinger02aa,
	Annote = {This is the citation for an article entrytype.},
	Author = {Mudd Slinger},
	Date = {2002-10-13},
	Date-Added = {2007-08-14 12:41:58 +0100},
	Date-Modified = {2008-10-04 11:52:12 +0100},
	Entrysubtype = {newspaper},
	Journal = {Daily Newspaper},
	Location = {Toronto},
	Pages = {B1+},
	Shorttitle = {Newspaper},
	Title = {Newspaper Article},
	Version = {late ed.}}

@book{public08aa,
	Annote = {This is the citation for a book entrytype.},
	Address = {Hello, HI},
	Author = {John Q. Public},
	Booktitle = {Absolutely Elaborate Book Template},
	Date-Added = {2007-08-14 12:39:11 +0100},
	Date-Modified = {2007-08-14 12:41:55 +0100},
	Edition = {9},
	Editor = {Ima G. Reader},
	Number = {4},
	Origyear = {2007},
	Publisher = {Publishers Unlimited},
	Series = {Elaborate Book Template Series},
	Shorttitle = {Elaborate},
	Title = {Absolutely Elaborate Book Template},
	Translator = {Minnie Tongues},
	Year = {2008}}

@book{octovian86aa,
	Annote = {This is the citation for a book entrytype. I found this source listed in the \emph{MLA Style Manual}.},
	Address = {London},
	Editor = {Frances McSparran},
	Number = {289},
	Options = {useeditor=false},
	Publisher = {Oxford UP},
	Series = {Early English Text Soc.},
	Title = {Octovian},
	Year = {1986}}

@incollection{beowulf06aa,
	Annote = {This is the citation for an incollection entrytype.},
	Address = {New York},
	Booktitle = {The Norton Anthology of English Literature},
	Edition = {8},
	Editor = {Stephen Greenblatt and M. H. Abrams and Carol T. Christ and Alfred David and Barbara K. Lewalski and Lawrence Lipking and George M. Logan and Deidre Shauna Lynch},
	Options = {useeditor=false},
	Pages = {34-100},
	Publisher = {W. W. Norton},
	Title = {Beowulf},
	Volume = {1},
	Year = {2006}}

@collection{public99ac,
	Annote = {This is the citation for a collection entrytype.},
	Address = {Utopia, NB},
	Booktitle = {My Favorite Things},
	Date-Added = {2007-08-14 12:49:19 +0100},
	Date-Modified = {2007-08-14 12:51:16 +0100},
	Editor = {John Q. Public},
	Publisher = {Publishers, Ltd.},
	Shorttitle = {Collected},
	Title = {Collected Poems},
	Volume = {1},
	Year = {1999}}

@book{public08ab,
	Annote = {This is the citation for a book entrytype.},
	Address = {Hello, HI},
	Author = {John Q. Public and Mimi Moi},
	Booktitle = {Multi-Authored, More Elaborate Book Template},
	Edition = {9},
	Editor = {Ima G. Reader},
	Number = {4},
	Publisher = {Publishers Unlimited},
	Series = {Elaborate Book Template Series},
	Shorttitle = {Multi-Elaborate},
	Title = {Multi-Authored, More Elaborate Book Template},
	Translator = {Minnie Tongues},
	Year = {2008}}

@book{coulson64aa,
	Annote = {This is the citation for a book entrytype. I found this source listed in the \emph{MLA Style Manual}.},
	Address = {New York},
	Author = {Feodor Dostoevsky},
	Date-Modified = {2008-10-26 17:52:29 +0000},
	Editor = {George Gibian},
	Options = {useauthor=false,useeditor=false,usetranslator=true},
	Publisher = {Norton},
	Sorttitle = {Coulson, Jessie},
	Title = {Crime and Punishment},
	Translator = {Jessie Coulson},
	Year = {1964}}

@book{public07aa,
	Annote = {This is the citation for a book entrytype.},
	Address = {Anywhere, NB},
	Author = {John Q. Public},
	Booktitle = {Default Book Template},
	Date-Added = {2007-08-14 12:37:30 +0100},
	Date-Modified = {2007-08-14 12:39:01 +0100},
	Publisher = {Publishers, Ltd.},
	Shorttitle = {Default},
	Title = {Default Book Template},
	Year = {2007}}
