%% This BibTeX bibliography file was created using BibDesk.
%% http://bibdesk.sourceforge.net/


%% Created for Luis Enrique Mendez Angulo at 2010-01-26 22:47:03 -0500 


%% Saved with string encoding Unicode (UTF-8) 



@book{Mason:1972fk,
	Address = {New York},
	Author = {Sin-Leqi-Unninni},
	Date-Added = {2010-01-26 22:40:34 -0500},
	Date-Modified = {2010-01-26 22:47:03 -0500},
	Keywords = {epic gilgamesh},
	Publisher = {Mentor: A Division of Penguin Putnam Inc.},
	Shorttitle = {Gilgamesh},
	Title = {Gilgamesh},
	Translator = {Herbert Mason},
	Year = {1972}}

@incollection{Anonymous:1985cr,
	Address = {Philadelphia and Jerusalem},
	Author = {Anonymous},
	Booktitle = {Tanakh},
	Date-Added = {2009-12-15 21:47:38 -0500},
	Date-Modified = {2009-12-15 21:56:38 -0500},
	Pages = {1441-1456},
	Publisher = {The Jewish Publication Society},
	Title = {Ecclesiastes},
	Year = {1985}}

@incollection{Sophocles:1960rr,
	Author = {Sophocles},
	Booktitle = {Greek Tragedy},
	Date-Added = {2009-12-15 21:34:55 -0500},
	Date-Modified = {2009-12-15 21:38:15 -0500},
	Editor = {David Grene},
	Lines = {605-615},
	Pages = {107-176},
	Publisher = {The University of Chicago Press},
	Title = {Oedipus the King},
	Translators = {David Grene},
	Volume = {Volume 1},
	Year = {1960}}

@book{Jackson:2009ly,
	Address = {Mundelein, IL},
	Author = {Sin-Leqi-Unninni},
	Date-Added = {2009-12-13 18:44:53 -0500},
	Date-Modified = {2010-01-26 22:45:58 -0500},
	Edition = {Second},
	Keywords = {epic gilgamesh},
	Publisher = {Bolchazy-Carducci Publishers, Inc.},
	Shorttitle = {Gilgamesh},
	Title = {The Epic of Gilgamesh},
	Translator = {Danny P. Jackson},
	Year = {2009}}

@book{Gardner_Maier:1985rt,
	Address = {NY and Toronto},
	Author = {Sin-Leqi-Unninni},
	Date-Added = {2009-11-06 09:17:38 -0500},
	Date-Modified = {2010-01-26 22:45:44 -0500},
	Month = {October},
	Publisher = {Vintage Books: A Division of Random House},
	Title = {Gilgamesh},
	Translator = {John Gardner and John Maier},
	Year = {1985}}

@misc{Siculus:vn,
	Author = {Diodorus Siculus},
	Date-Added = {2009-11-06 09:12:48 -0500},
	Date-Modified = {2009-11-06 09:17:33 -0500},
	Howpublished = {on base of Ramases II statue},
	Title = {inscription}}

@book{Ovid:1kx,
	Author = {Ovid},
	Date-Added = {2009-11-06 09:01:06 -0500},
	Date-Modified = {2009-11-06 09:10:46 -0500},
	Publisher = {The Internet Classics Archive},
	Title = {Metamorphoses},
	Translator = {Sir Samuel Garth, John Dryden, et al},
	Url = {http://classics.mit.edu/Ovid/metam.html},
	Urldate = {6 November 2009},
	Year = {1 A.C.E.},
	Bdsk-Url-1 = {http://classics.mit.edu/Ovid/metam.html}}
