%% This BibTeX bibliography file was created using BibDesk.
%% http://bibdesk.sourceforge.net/


%% Created for Luis Enrique Mendez Angulo at 2016-03-09 01:14:16 -0800 


%% Saved with string encoding Unicode (UTF-8) 



@webpage{Detroit-Publishing-Co.:1890ab,
	Address = {Puerto Rico, San Juan},
	Annote = {Format Headings
Dry plate negatives.

Format Headings
Dry plate negatives.

Notes
-  Date based on Detroit, Catalogue J (1901).
-  "3" on negative.
-  Detroit Publishing Co. no. 08880.
-  Gift; State Historical Society of Colorado; 1949.

Medium
1 negative : glass ; 8 x 10 in.

Call Number/Physical Location
LC-D4-8880 [P&P]

Source Collection
Detroit Publishing Company Photograph Collection

Repository
Library of Congress Prints and Photographs Division Washington, D.C. 20540 USA

Control Number
det1994004758/PP

Reproduction Number
LC-DIG-det-4a05461 (digital file from original)

Rights Advisory
No known restrictions on publication.},
	Author = {Detroit Publishing Co., copyright claimant },
	Date-Added = {2016-03-09 09:07:27 +0000},
	Date-Modified = {2016-03-09 09:14:07 +0000},
	Keywords = {Harbors,Puerto Rico,San Juan},
	Organization = {Retrieved from the Library of Congress},
	Publisher = {Detroit Publishing Co.},
	Title = {San Juan from the harbor, Puerto Rico},
	Url = {https://www.loc.gov/item/det1994004758/PP},
	Urldate = {March 9, 2016},
	Year = {c1890 },
	Bdsk-File-1 = {YnBsaXN0MDDUAQIDBAUGJCVYJHZlcnNpb25YJG9iamVjdHNZJGFyY2hpdmVyVCR0b3ASAAGGoKgHCBMUFRYaIVUkbnVsbNMJCgsMDxJXTlMua2V5c1pOUy5vYmplY3RzViRjbGFzc6INDoACgAOiEBGABIAFgAdccmVsYXRpdmVQYXRoWWFsaWFzRGF0YV8QIi4uLy4uLy4uLy4uL0Rvd25sb2Fkcy80YTA1NDYxYS50aWbSFwsYGVdOUy5kYXRhTxEBeAAAAAABeAACAAAMTWFjaW50b3NoIEhEAAAAAAAAAAAAAAAAAAAAyrUqqEgrAAAABXIhDDRhMDU0NjFhLnRpZgAAAAAAAAAAAAAAAAAAAAAAAAAAAAAAAAAAAAAAAAAAAAAAAAAAAAAAAAAAAAAAAAAAABl/3lXTBSdGAAAAAAAAAAAABAACAAAJIAAAAAAAAAAAAAAAAAAAAAlEb3dubG9hZHMAABAACAAAyrWNGAAAABEACAAA0wWXxgAAAAEADAAFciEABR8QAADAIwACADNNYWNpbnRvc2ggSEQ6VXNlcnM6AG1lbmRlejoARG93bmxvYWRzOgA0YTA1NDYxYS50aWYAAA4AGgAMADQAYQAwADUANAA2ADEAYQAuAHQAaQBmAA8AGgAMAE0AYQBjAGkAbgB0AG8AcwBoACAASABEABIAI1VzZXJzL21lbmRlei9Eb3dubG9hZHMvNGEwNTQ2MWEudGlmAAATAAEvAAAVAAIADf//AACABtIbHB0eWiRjbGFzc25hbWVYJGNsYXNzZXNdTlNNdXRhYmxlRGF0YaMdHyBWTlNEYXRhWE5TT2JqZWN00hscIiNcTlNEaWN0aW9uYXJ5oiIgXxAPTlNLZXllZEFyY2hpdmVy0SYnVHJvb3SAAQAIABEAGgAjAC0AMgA3AEAARgBNAFUAYABnAGoAbABuAHEAcwB1AHcAhACOALMAuADAAjwCPgJDAk4CVwJlAmkCcAJ5An4CiwKOAqACowKoAAAAAAAAAgEAAAAAAAAAKAAAAAAAAAAAAAAAAAAAAqo=}}

@webpage{Detroit-Publishing-Co.:1901aa,
	Address = {Puerto Rico, San Juan},
	Annote = {Format Headings
Dry plate negatives.

Notes
-  "22" on negative.
-  Detroit Publishing Co. no. 08881.
-  Gift; State Historical Society of Colorado; 1949.

Medium
1 negative : glass ; 8 x 10 in.

Call Number/Physical Location
LC-D4-8881 [P&P]

Source Collection
Detroit Publishing Company Photograph Collection

Repository
Library of Congress Prints and Photographs Division Washington, D.C. 20540 USA

Control Number
det1994004759/PP

Reproduction Number
LC-DIG-det-4a05462 (digital file from original)

Rights Advisory
No known restrictions on publication.},
	Author = {Detroit Publishing Co., copyright claimant },
	Date-Added = {2016-03-09 08:50:11 +0000},
	Date-Modified = {2016-03-09 09:04:39 +0000},
	Keywords = {Dwellings,Official residences,Harbors,Puerto Rico,San Juan},
	Organization = {Retrieved from the Library of Congress},
	Publisher = {Detroit Publishing Co.},
	Title = {Casa Blanca and the Governor's Palace, San Juan, Puerto Rico},
	Url = {https://www.loc.gov/item/det1994004759/PP},
	Urldate = {March 9, 2016},
	Year = {c1901},
	Bdsk-File-1 = {YnBsaXN0MDDUAQIDBAUGJCVYJHZlcnNpb25YJG9iamVjdHNZJGFyY2hpdmVyVCR0b3ASAAGGoKgHCBMUFRYaIVUkbnVsbNMJCgsMDxJXTlMua2V5c1pOUy5vYmplY3RzViRjbGFzc6INDoACgAOiEBGABIAFgAdccmVsYXRpdmVQYXRoWWFsaWFzRGF0YV8QYC4uLy4uLy4uLy4uLy5UcmFzaC9DYXNhIEJsYW5jYSBhbmQgdGhlIEdvdmVybm9yJ3MgUGFsYWNlLCBTYW4gSnVhbiwgUHVlcnRvIFJpY28gMDEtMTItNDgtOTA5LnRpZtIXCxgZV05TLmRhdGFPEQJEAAAAAAJEAAIAAAxNYWNpbnRvc2ggSEQAAAAAAAAAAAAAAAAAAADKtSqoSCsAABcNo9ofQ2FzYSBCbGFuY2EgYW5kIHRoIzE5N0RDQTk4LnRpZgAAAAAAAAAAAAAAAAAAAAAAAAAAAAAAAAAAAAAAAAAAGX3KmNMFI2sAAAAAAAAAAAAEAAIAAAkgAAAAAAAAAAAAAAAAAAAABi5UcmFzaAAQAAgAAMq1jRgAAAARAAgAANMFk+sAAAABAAwXDaPaAAUfEAAAwCMAAgBDTWFjaW50b3NoIEhEOlVzZXJzOgBtZW5kZXo6AC5UcmFzaDoAQ2FzYSBCbGFuY2EgYW5kIHRoIzE5N0RDQTk4LnRpZgAADgCcAE0AQwBhAHMAYQAgAEIAbABhAG4AYwBhACAAYQBuAGQAIAB0AGgAZQAgAEcAbwB2AGUAcgBuAG8AcgAnAHMAIABQAGEAbABhAGMAZQAsACAAUwBhAG4AIABKAHUAYQBuACwAIABQAHUAZQByAHQAbwAgAFIAaQBjAG8AIAAwADEALQAxADIALQA0ADgALQA5ADAAOQAuAHQAaQBmAA8AGgAMAE0AYQBjAGkAbgB0AG8AcwBoACAASABEABIAYVVzZXJzL21lbmRlei8uVHJhc2gvQ2FzYSBCbGFuY2EgYW5kIHRoZSBHb3Zlcm5vcidzIFBhbGFjZSwgU2FuIEp1YW4sIFB1ZXJ0byBSaWNvIDAxLTEyLTQ4LTkwOS50aWYAABMAAS8AABUAAgAN//8AAIAG0hscHR5aJGNsYXNzbmFtZVgkY2xhc3Nlc11OU011dGFibGVEYXRhox0fIFZOU0RhdGFYTlNPYmplY3TSGxwiI1xOU0RpY3Rpb25hcnmiIiBfEA9OU0tleWVkQXJjaGl2ZXLRJidUcm9vdIABAAgAEQAaACMALQAyADcAQABGAE0AVQBgAGcAagBsAG4AcQBzAHUAdwCEAI4A8QD2AP4DRgNIA00DWANhA28DcwN6A4MDiAOVA5gDqgOtA7IAAAAAAAACAQAAAAAAAAAoAAAAAAAAAAAAAAAAAAADtA==}}
