%% This BibTeX bibliography file was created using BibDesk.
%% http://bibdesk.sourceforge.net/


%% Created for Luis Enrique Mendez Angulo at 2010-12-01 19:57:57 +0000 


%% Saved with string encoding Unicode (UTF-8) 



@book{Aristotle:1996ly,
	Address = {London},
	Author = {Aristotle},
	Date-Added = {2010-10-07 16:41:17 +0100},
	Date-Modified = {2010-10-07 16:45:37 +0100},
	Edition = {Penguin Classiscs},
	Publisher = {Penguin Books},
	Title = {Poetics},
	Translator = {Malcolm Heath},
	Year = {1996}}

@article{Heath:zr,
	Abstract = {This paper examines Aristotle's understanding of the contributions 
of perceptual and rational cognition to the composition and reception of poetry. 
An initial outline of Aristotle's cognitive psychology shows that Aristotelian 
perception is sufficiently powerful to sustain very rich, complex patterns of 
behaviour in human as well as non-human animals, and examines the interaction 
between perception (cognition of the particular and the `that') and the distinctive 
capacity for reason (which makes possible cognition of the universal and the 
`why') in human behaviour. The rest of the paper applies this framework to a 
number of problems in the Poetics: (i) If Aristotelian tekhn{\^e} is defined as a 
productive disposition involving reason, how can poetic tekhn{\^e} be manifested in 
the work of poets who work by non-rational habit or talent? (ii) Why does 
Aristotle believe that the pleasure taken in imitation qua imitation involves 
rational inference? (iii) What does Aristotle mean when he contrasts history 
(concerned with the particular) and poetry (concerned with the universal)? (iv) 
How is Aristotle's insistence on universality and rationality in the construction 
of poetic plots to be reconciled with his willingness to tolerate irrationalities and 
implausibilities? 
},
	Author = {Malcom Heath},
	Date-Added = {2010-10-07 01:12:54 +0100},
	Date-Modified = {2010-10-07 01:17:19 +0100},
	Journal = {Mnemosyne},
	Keywords = {Aristotle, cognition, perception, poetry, tekhn{\^e}, history},
	Lastchecked = {7 October 2010},
	School = {University of Leeds},
	Title = {Cognition in Aristotle's Poetics},
	Url = {http://www.leeds.ac.uk/classics/heath/Cognition%20in%20the%20Poetics.pdf},
	Bdsk-File-1 = {YnBsaXN0MDDUAQIDBAUGCQpYJHZlcnNpb25UJHRvcFkkYXJjaGl2ZXJYJG9iamVjdHMSAAGGoNEHCFRyb290gAFfEA9OU0tleWVkQXJjaGl2ZXKoCwwXGBkdJCVVJG51bGzTDQ4PEBEUViRjbGFzc1dOUy5rZXlzWk5TLm9iamVjdHOAB6ISE4ACgAOiFRaABIAGWWFsaWFzRGF0YVxyZWxhdGl2ZVBhdGjSDRobHFdOUy5kYXRhgAVPEQG8AAAAAAG8AAIAAApVbnRpdGxlZCAxAAAAAAAAAAAAAAAAAAAAAADItAvLSCsAAAAH99UcQ29nbml0aW9uIGluIHRoZSBQb2V0aWNzLnBkZgAAAAAAAAAAAAAAAAAAAAAAAAAAAAAAAAAAAAAAAAAAAAAAABhjyMjSzyQAAAAAAAAAAAAEAAMAAAkgAAAAAAAAAAAAAAAAAAAABlBhcGVycwAQAAgAAMiz/bsAAAARAAgAAMjSwRQAAAABABAAB/fVAAbbOwAG2yQAAHt9AAIARVVudGl0bGVkIDE6VXNlcnM6bWVuZGV6OkRvY3VtZW50czpQYXBlcnM6Q29nbml0aW9uIGluIHRoZSBQb2V0aWNzLnBkZgAADgA6ABwAQwBvAGcAbgBpAHQAaQBvAG4AIABpAG4AIAB0AGgAZQAgAFAAbwBlAHQAaQBjAHMALgBwAGQAZgAPABYACgBVAG4AdABpAHQAbABlAGQAIAAxABIAOlVzZXJzL21lbmRlei9Eb2N1bWVudHMvUGFwZXJzL0NvZ25pdGlvbiBpbiB0aGUgUG9ldGljcy5wZGYAEwABLwAAFQACAA3//wAA0h4fICFYJGNsYXNzZXNaJGNsYXNzbmFtZaMhIiNdTlNNdXRhYmxlRGF0YVZOU0RhdGFYTlNPYmplY3RfEDkuLi8uLi8uLi8uLi9Eb2N1bWVudHMvUGFwZXJzL0NvZ25pdGlvbiBpbiB0aGUgUG9ldGljcy5wZGbSHh8mJ6InI1xOU0RpY3Rpb25hcnkACAARABoAHwApADIANwA6AD8AQQBTAFwAYgBpAHAAeACDAIUAiACKAIwAjwCRAJMAnQCqAK8AtwC5AnkCfgKHApIClgKkAqsCtALwAvUC+AAAAAAAAAIBAAAAAAAAACgAAAAAAAAAAAAAAAAAAAMF},
	Bdsk-Url-1 = {http://www.leeds.ac.uk/classics/heath/Cognition%20in%20the%20Poetics.pdf}}

@electronic{Tassone:2024ys,
	Abstract = {homas Hardy incorporates many elements of the classical Aristotlean tragedy in his novel The Mayor of Casterbridge (1886). In an Aristotelian tragedy, the most important element is the experience of catharsis, the arousing of pity and fear in the audience. The effect of catharsis on the audience depends on the unity of the plot and the effective presence of a tragic hero. The plot in an Aristotelian tragedy consists of the reversal, the recognition and the final suffering. In the protagonist's following a pattern of decline and alienation, Thomas Hardy's The Mayor of Casterbridge is similar to the Greek tragedies, in particular Sophocles' Oedipus the King. Both literary works use three elements --- catharsis, a complicated plot containing a secret, and the presence of a tragic hero --- to create the effect of tragedy. In The Mayor of Casterbridge, however, Hardy uses these three characteristics to create a modern Aristotelian tragedy played out in mid-nineteenth century England.},
	Author = {Marlena Tassone},
	Date-Added = {2010-10-07 01:05:51 +0100},
	Date-Modified = {2010-10-07 01:08:21 +0100},
	Lastchecked = {7 October 2010},
	Title = {Thomas Hardy's The Mayor of Casterbridge As an Aristotelian Tragedy},
	Url = {http://www.victorianweb.org/authors/hardy/tassone1.html},
	Urldate = {21 April 2006},
	Year = {24th March 2006},
	Bdsk-File-1 = {YnBsaXN0MDDUAQIDBAUGCQpYJHZlcnNpb25UJHRvcFkkYXJjaGl2ZXJYJG9iamVjdHMSAAGGoNEHCFRyb290gAFfEA9OU0tleWVkQXJjaGl2ZXKoCwwXGBkdJCVVJG51bGzTDQ4PEBEUViRjbGFzc1dOUy5rZXlzWk5TLm9iamVjdHOAB6ISE4ACgAOiFRaABIAGWWFsaWFzRGF0YVxyZWxhdGl2ZVBhdGjSDRobHFdOUy5kYXRhgAVPEQJIAAAAAAJIAAIAAApVbnRpdGxlZCAxAAAAAAAAAAAAAAAAAAAAAADItAvLSCsAAAAH99UfVGhvbWFzIEhhcmR5J3MgIlRoZSMxODYzNjguaHRtbAAAAAAAAAAAAAAAAAAAAAAAAAAAAAAAAAAAAAAAAAAAABhjaMjSzWsAAAAAAAAAAAAEAAMAAAkgAAAAAAAAAAAAAAAAAAAABlBhcGVycwAQAAgAAMiz/bsAAAARAAgAAMjSv1sAAAABABAAB/fVAAbbOwAG2yQAAHt9AAIASFVudGl0bGVkIDE6VXNlcnM6bWVuZGV6OkRvY3VtZW50czpQYXBlcnM6VGhvbWFzIEhhcmR5J3MgIlRoZSMxODYzNjguaHRtbAAOAJYASgBUAGgAbwBtAGEAcwAgAEgAYQByAGQAeQAnAHMAIAAiAFQAaABlACAATQBhAHkAbwByACAAbwBmACAAQwBhAHMAdABlAHIAYgByAGkAZABnAGUAIgAgAEEAcwAgAGEAbgAgAEEAcgBpAHMAdABvAHQAZQBsAGkAYQBuACAAVAByAGEAZwBlAGQAeQAuAGgAdABtAGwADwAWAAoAVQBuAHQAaQB0AGwAZQBkACAAMQASAGhVc2Vycy9tZW5kZXovRG9jdW1lbnRzL1BhcGVycy9UaG9tYXMgSGFyZHkncyAiVGhlIE1heW9yIG9mIENhc3RlcmJyaWRnZSIgQXMgYW4gQXJpc3RvdGVsaWFuIFRyYWdlZHkuaHRtbAATAAEvAAAVAAIADf//AADSHh8gIVgkY2xhc3Nlc1okY2xhc3NuYW1loyEiI11OU011dGFibGVEYXRhVk5TRGF0YVhOU09iamVjdF8QZy4uLy4uLy4uLy4uL0RvY3VtZW50cy9QYXBlcnMvVGhvbWFzIEhhcmR5J3MgIlRoZSBNYXlvciBvZiBDYXN0ZXJicmlkZ2UiIEFzIGFuIEFyaXN0b3RlbGlhbiBUcmFnZWR5Lmh0bWzSHh8mJ6InI1xOU0RpY3Rpb25hcnkACAARABoAHwApADIANwA6AD8AQQBTAFwAYgBpAHAAeACDAIUAiACKAIwAjwCRAJMAnQCqAK8AtwC5AwUDCgMTAx4DIgMwAzcDQAOqA68DsgAAAAAAAAIBAAAAAAAAACgAAAAAAAAAAAAAAAAAAAO/},
	Bdsk-Url-1 = {http://www.victorianweb.org/authors/hardy/tassone1.html}}

@article{Kleinhaus:1974vn,
	Author = {Chuck Kleinhaus},
	Date-Added = {2010-10-07 01:01:31 +0100},
	Date-Modified = {2010-10-07 01:04:14 +0100},
	Journal = {Jump Cut: A Review of Contemporary Media},
	Lastchecked = {7 October 2010},
	Number = {4},
	Pages = {21-23},
	Title = {Types of audience response: From tear-jerkers to thought-provokers},
	Url = {http://www.ejumpcut.org/archive/onlinessays/JC04folder/AudienceResponse.html},
	Urldate = {2004},
	Year = {1974},
	Bdsk-File-1 = {YnBsaXN0MDDUAQIDBAUGCQpYJHZlcnNpb25UJHRvcFkkYXJjaGl2ZXJYJG9iamVjdHMSAAGGoNEHCFRyb290gAFfEA9OU0tleWVkQXJjaGl2ZXKoCwwXGBkdJCVVJG51bGzTDQ4PEBEUViRjbGFzc1dOUy5rZXlzWk5TLm9iamVjdHOAB6ISE4ACgAOiFRaABIAGWWFsaWFzRGF0YVxyZWxhdGl2ZVBhdGjSDRobHFdOUy5kYXRhgAVPEQIAAAAAAAIAAAIAAApVbnRpdGxlZCAxAAAAAAAAAAAAAAAAAAAAAADItAvLSCsAAAAH99UfVHlwZXMgb2YgQXVkaWVuY2UgUiMxODYzM0IuaHRtbAAAAAAAAAAAAAAAAAAAAAAAAAAAAAAAAAAAAAAAAAAAABhjO8jSzF8AAAAAAAAAAAAEAAMAAAkgAAAAAAAAAAAAAAAAAAAABlBhcGVycwAQAAgAAMiz/bsAAAARAAgAAMjSvk8AAAABABAAB/fVAAbbOwAG2yQAAHt9AAIASFVudGl0bGVkIDE6VXNlcnM6bWVuZGV6OkRvY3VtZW50czpQYXBlcnM6VHlwZXMgb2YgQXVkaWVuY2UgUiMxODYzM0IuaHRtbAAOAGYAMgBUAHkAcABlAHMAIABvAGYAIABBAHUAZABpAGUAbgBjAGUAIABSAGUAcwBwAG8AbgBzAGUAIABiAHkAIABDAGgAdQBjAGsAIABLAGwAZQBpAG4AaABhAG4AcwAuAGgAdABtAGwADwAWAAoAVQBuAHQAaQB0AGwAZQBkACAAMQASAFBVc2Vycy9tZW5kZXovRG9jdW1lbnRzL1BhcGVycy9UeXBlcyBvZiBBdWRpZW5jZSBSZXNwb25zZSBieSBDaHVjayBLbGVpbmhhbnMuaHRtbAATAAEvAAAVAAIADf//AADSHh8gIVgkY2xhc3Nlc1okY2xhc3NuYW1loyEiI11OU011dGFibGVEYXRhVk5TRGF0YVhOU09iamVjdF8QTy4uLy4uLy4uLy4uL0RvY3VtZW50cy9QYXBlcnMvVHlwZXMgb2YgQXVkaWVuY2UgUmVzcG9uc2UgYnkgQ2h1Y2sgS2xlaW5oYW5zLmh0bWzSHh8mJ6InI1xOU0RpY3Rpb25hcnkACAARABoAHwApADIANwA6AD8AQQBTAFwAYgBpAHAAeACDAIUAiACKAIwAjwCRAJMAnQCqAK8AtwC5Ar0CwgLLAtYC2gLoAu8C+ANKA08DUgAAAAAAAAIBAAAAAAAAACgAAAAAAAAAAAAAAAAAAANf},
	Bdsk-Url-1 = {http://www.ejumpcut.org/archive/onlinessays/JC04folder/AudienceResponse.html}}

@webpage{Aristotle:350kx,
	Author = {Aristotle},
	Date-Added = {2010-10-07 00:48:13 +0100},
	Date-Modified = {2010-10-07 00:54:09 +0100},
	Lastchecked = {7 October 2010},
	Title = {Poetics},
	Translator = {S. H. Butcher},
	Url = {http://classics.mit.edu/Aristotle/poetics.html},
	Year = {350 BCE},
	Bdsk-File-1 = {YnBsaXN0MDDUAQIDBAUGCQpYJHZlcnNpb25UJHRvcFkkYXJjaGl2ZXJYJG9iamVjdHMSAAGGoNEHCFRyb290gAFfEA9OU0tleWVkQXJjaGl2ZXKoCwwXGBkdJCVVJG51bGzTDQ4PEBEUViRjbGFzc1dOUy5rZXlzWk5TLm9iamVjdHOAB6ISE4ACgAOiFRaABIAGWWFsaWFzRGF0YVxyZWxhdGl2ZVBhdGjSDRobHFdOUy5kYXRhgAVPEQGEAAAAAAGEAAIAAApVbnRpdGxlZCAxAAAAAAAAAAAAAAAAAAAAAADItAvLSCsAAAAH99UOcG9ldGljcy5tYi50eHQAAAAAAAAAAAAAAAAAAAAAAAAAAAAAAAAAAAAAAAAAAAAAAAAAAAAAAAAAAAAAAAAAABhhzMjSyWcAAAAAAAAAAAAEAAMAAAkgAAAAAAAAAAAAAAAAAAAABlBhcGVycwAQAAgAAMiz/bsAAAARAAgAAMjSu1cAAAABABAAB/fVAAbbOwAG2yQAAHt9AAIAN1VudGl0bGVkIDE6VXNlcnM6bWVuZGV6OkRvY3VtZW50czpQYXBlcnM6cG9ldGljcy5tYi50eHQAAA4AHgAOAHAAbwBlAHQAaQBjAHMALgBtAGIALgB0AHgAdAAPABYACgBVAG4AdABpAHQAbABlAGQAIAAxABIALFVzZXJzL21lbmRlei9Eb2N1bWVudHMvUGFwZXJzL3BvZXRpY3MubWIudHh0ABMAAS8AABUAAgAN//8AANIeHyAhWCRjbGFzc2VzWiRjbGFzc25hbWWjISIjXU5TTXV0YWJsZURhdGFWTlNEYXRhWE5TT2JqZWN0XxArLi4vLi4vLi4vLi4vRG9jdW1lbnRzL1BhcGVycy9wb2V0aWNzLm1iLnR4dNIeHyYnoicjXE5TRGljdGlvbmFyeQAIABEAGgAfACkAMgA3ADoAPwBBAFMAXABiAGkAcAB4AIMAhQCIAIoAjACPAJEAkwCdAKoArwC3ALkCQQJGAk8CWgJeAmwCcwJ8AqoCrwKyAAAAAAAAAgEAAAAAAAAAKAAAAAAAAAAAAAAAAAAAAr8=},
	Bdsk-Url-1 = {http://classics.mit.edu/Aristotle/poetics.mb.txt}}

@incollection{Shelley:1909uq,
	Address = {New York},
	Author = {Percy Bysshe Shelley},
	Booktitle = {English essays, from Sir Philip Sidney to Macaulay},
	Date-Added = {2010-10-07 00:37:57 +0100},
	Date-Modified = {2010-12-01 19:43:47 +0000},
	Edition = {http://www.bartleby.com},
	Editor = {Charles W. Eliot},
	Lastchecked = {7 October 2010},
	Publisher = {P.F. Collier \& Son},
	Series = {The Harvard Classics},
	Title = {A Defence of Poetry},
	Url = {http://www.bartleby.com/27/},
	Urldate = {10 April 2001},
	Volume = {27 of 51},
	Year = {1909--14},
	Bdsk-File-1 = {YnBsaXN0MDDUAQIDBAUGCQpYJHZlcnNpb25UJHRvcFkkYXJjaGl2ZXJYJG9iamVjdHMSAAGGoNEHCFRyb290gAFfEA9OU0tleWVkQXJjaGl2ZXKoCwwXGBkdJCVVJG51bGzTDQ4PEBEUViRjbGFzc1dOUy5rZXlzWk5TLm9iamVjdHOAB6ISE4ACgAOiFRaABIAGWWFsaWFzRGF0YVxyZWxhdGl2ZVBhdGjSDRobHFdOUy5kYXRhgAVPEQK6AAAAAAK6AAIAAApVbnRpdGxlZCAxAAAAAAAAAAAAAAAAAAAAAADItAvLSCsAAAAH99UfQSBEZWZlbmNlIG9mIFBvZXRyeSMxODYwREMuaHRtbAAAAAAAAAAAAAAAAAAAAAAAAAAAAAAAAAAAAAAAAAAAABhg3MjSxuIAAAAAAAAAAAAEAAMAAAkgAAAAAAAAAAAAAAAAAAAABlBhcGVycwAQAAgAAMiz/bsAAAARAAgAAMjSuNIAAAABABAAB/fVAAbbOwAG2yQAAHt9AAIASFVudGl0bGVkIDE6VXNlcnM6bWVuZGV6OkRvY3VtZW50czpQYXBlcnM6QSBEZWZlbmNlIG9mIFBvZXRyeSMxODYwREMuaHRtbAAOAOIAcABBACAARABlAGYAZQBuAGMAZQAgAG8AZgAgAFAAbwBlAHQAcgB5AC4AIABQAGUAcgBjAHkAIABCAHkAcwBzAGgAZQAgAFMAaABlAGwAbABlAHkALgAgADEAOQAwADkALQAxADQALgAgAEUAbgBnAGwAaQBzAGgAIABFAHMAcwBhAHkAcwAgAFMAaQBkAG4AZQB5ACAAdABvACAATQBhAGMAYQB1AGwAYQB5AC4AIABUAGgAZQAgAEgAYQByAHYAYQByAGQAIABDAGwAYQBzAHMAaQBjAHMALgBoAHQAbQBsAA8AFgAKAFUAbgB0AGkAdABsAGUAZAAgADEAEgCOVXNlcnMvbWVuZGV6L0RvY3VtZW50cy9QYXBlcnMvQSBEZWZlbmNlIG9mIFBvZXRyeS4gUGVyY3kgQnlzc2hlIFNoZWxsZXkuIDE5MDktMTQuIEVuZ2xpc2ggRXNzYXlzIFNpZG5leSB0byBNYWNhdWxheS4gVGhlIEhhcnZhcmQgQ2xhc3NpY3MuaHRtbAATAAEvAAAVAAIADf//AADSHh8gIVgkY2xhc3Nlc1okY2xhc3NuYW1loyEiI11OU011dGFibGVEYXRhVk5TRGF0YVhOU09iamVjdF8QjS4uLy4uLy4uLy4uL0RvY3VtZW50cy9QYXBlcnMvQSBEZWZlbmNlIG9mIFBvZXRyeS4gUGVyY3kgQnlzc2hlIFNoZWxsZXkuIDE5MDktMTQuIEVuZ2xpc2ggRXNzYXlzIFNpZG5leSB0byBNYWNhdWxheS4gVGhlIEhhcnZhcmQgQ2xhc3NpY3MuaHRtbNIeHyYnoicjXE5TRGljdGlvbmFyeQAIABEAGgAfACkAMgA3ADoAPwBBAFMAXABiAGkAcAB4AIMAhQCIAIoAjACPAJEAkwCdAKoArwC3ALkDdwN8A4UDkAOUA6IDqQOyBEIERwRKAAAAAAAAAgEAAAAAAAAAKAAAAAAAAAAAAAAAAAAABFc=},
	Bdsk-Url-1 = {http://www.bartleby.com/27/23.html}}

@book{Dryden:1668fk,
	Abstract = {The drift of the ensuing Discourse was chiefly to vindicate the honour of our English Writers, from the censure of those who unjustly prefer the French before them. This I intimate, least any should think me so exceeding vain, as to teach others an Art which they understand much better than my self. But if this incorrect Essay, written in the Country without the help of Books, or advice of Friends, shall find any acceptance in the world, I promise to my self a better success of the second part, wherein the Vertues and Faults of the English Poets, who have written either in this, the Epique, or the Lyrique way, will be more fully treated of, and their several styles impartially imitated.

},
	Address = {Lower-walk of the New-Exchange, London},
	Author = {John Dryden},
	Date-Added = {2010-10-07 00:32:22 +0100},
	Date-Modified = {2010-10-07 00:36:26 +0100},
	Editor = {Jack Lynch},
	Publisher = {Henry Herringman},
	Title = {An Essay of Dramatick Poesie},
	Year = {1668},
	Bdsk-File-1 = {YnBsaXN0MDDUAQIDBAUGCQpYJHZlcnNpb25UJHRvcFkkYXJjaGl2ZXJYJG9iamVjdHMSAAGGoNEHCFRyb290gAFfEA9OU0tleWVkQXJjaGl2ZXKoCwwXGBkdJCVVJG51bGzTDQ4PEBEUViRjbGFzc1dOUy5rZXlzWk5TLm9iamVjdHOAB6ISE4ACgAOiFRaABIAGWWFsaWFzRGF0YVxyZWxhdGl2ZVBhdGjSDRobHFdOUy5kYXRhgAVPEQHgAAAAAAHgAAIAAApVbnRpdGxlZCAxAAAAAAAAAAAAAAAAAAAAAADItAvLSCsAAAAH99UfRHJ5ZGVuLCBFc3NheSBvZiBEciMxODYwNzYuaHRtbAAAAAAAAAAAAAAAAAAAAAAAAAAAAAAAAAAAAAAAAAAAABhgdsjSxbIAAAAAAAAAAAAEAAMAAAkgAAAAAAAAAAAAAAAAAAAABlBhcGVycwAQAAgAAMiz/bsAAAARAAgAAMjSt6IAAAABABAAB/fVAAbbOwAG2yQAAHt9AAIASFVudGl0bGVkIDE6VXNlcnM6bWVuZGV6OkRvY3VtZW50czpQYXBlcnM6RHJ5ZGVuLCBFc3NheSBvZiBEciMxODYwNzYuaHRtbAAOAFAAJwBEAHIAeQBkAGUAbgAsACAARQBzAHMAYQB5ACAAbwBmACAARAByAGEAbQBhAHQAaQBjAGsAIABQAG8AZQBzAGkAZQAwAC4AaAB0AG0AbAAPABYACgBVAG4AdABpAHQAbABlAGQAIAAxABIARVVzZXJzL21lbmRlei9Eb2N1bWVudHMvUGFwZXJzL0RyeWRlbiwgRXNzYXkgb2YgRHJhbWF0aWNrIFBvZXNpZTAuaHRtbAAAEwABLwAAFQACAA3//wAA0h4fICFYJGNsYXNzZXNaJGNsYXNzbmFtZaMhIiNdTlNNdXRhYmxlRGF0YVZOU0RhdGFYTlNPYmplY3RfEEQuLi8uLi8uLi8uLi9Eb2N1bWVudHMvUGFwZXJzL0RyeWRlbiwgRXNzYXkgb2YgRHJhbWF0aWNrIFBvZXNpZTAuaHRtbNIeHyYnoicjXE5TRGljdGlvbmFyeQAIABEAGgAfACkAMgA3ADoAPwBBAFMAXABiAGkAcAB4AIMAhQCIAIoAjACPAJEAkwCdAKoArwC3ALkCnQKiAqsCtgK6AsgCzwLYAx8DJAMnAAAAAAAAAgEAAAAAAAAAKAAAAAAAAAAAAAAAAAAAAzQ=},
	Bdsk-Url-1 = {http://andromeda.rutgers.edu/~jlynch/Texts/drampoet.html}}
