%% This BibTeX bibliography file was created using BibDesk.
%% http://bibdesk.sourceforge.net/


%% Created for Luis Enrique Mendez Angulo at 2010-08-30 02:17:48 -0400 


%% Saved with string encoding Unicode (UTF-8) 



@misc{contributors:2010zr,
	Author = {Wikipedia contributors},
	Date-Added = {2010-08-12 19:54:13 -0400},
	Date-Modified = {2010-08-12 20:03:47 -0400},
	Generator = {MediaWiki 1.16wmf4},
	Journal = {Wikipedia, The Free Encyclopedia.},
	Lastchecked = {12 August 2010},
	Title = {Alexandre Dumas, p{\`e}re},
	Url = {http://en.wikipedia.org/w/index.php?title=Alexandre_Dumas,_p√®re&oldid=378226351},
	Urldate = {10 August 2010},
	Year = {2010},
	Abstract = {Alexandre Dumas, p{\`e}re, born Dumas Davy de la Pailleterie (24 July 1802 -- 5 December 1870)[1] was a French writer, best known for his historical novels of high adventure which have made him one of the most widely read French authors in the world. Many of his novels, including The Count of Monte Cristo, The Three Musketeers, Twenty Years After, and The Vicomte de Bragelonne were originally serialized. He also wrote plays and magazine articles and was a prolific correspondent.},
	Bdsk-File-1 = {YnBsaXN0MDDUAQIDBAUGCQpYJHZlcnNpb25UJHRvcFkkYXJjaGl2ZXJYJG9iamVjdHMSAAGGoNEHCFRyb290gAFfEA9OU0tleWVkQXJjaGl2ZXKoCwwXGBkdJCVVJG51bGzTDQ4PEBEUViRjbGFzc1dOUy5rZXlzWk5TLm9iamVjdHOAB6ISE4ACgAOiFRaABIAGWWFsaWFzRGF0YVxyZWxhdGl2ZVBhdGjSDRobHFdOUy5kYXRhgAVPEQIYAAAAAAIYAAIAAAVNYWNPUwAAAAAAAAAAAAAAAAAAAAAAAAAAAADHzXIaSCsAAAANXlsfQWxleGFuZHJlIER1bWFzLCBwjyM0Mjc1QkMuaHRtbAAAAAAAAAAAAAAAAAAAAAAAAAAAAAAAAAAAAAAAAAAAAEJ1vMiKAg8AAAAAAAAAAAAEAAMAAAkgAAAAAAAAAAAAAAAAAAAABlBhcGVycwAQAAgAAMfNqloAAAARAAgAAMiKOk8AAAABABAADV5bAAfPsAAHz5kAAHt9AAIAQ01hY09TOlVzZXJzOm1lbmRlejpEb2N1bWVudHM6UGFwZXJzOkFsZXhhbmRyZSBEdW1hcywgcI8jNDI3NUJDLmh0bWwAAA4AfgA+AEEAbABlAHgAYQBuAGQAcgBlACAARAB1AG0AYQBzACwAIABwAGUDAAByAGUAIAAtACAAVwBpAGsAaQBwAGUAZABpAGEALAAgAHQAaABlACAAZgByAGUAZQAgAGUAbgBjAHkAYwBsAG8AcABlAGQAaQBhAC4AaAB0AG0AbAAPAAwABQBNAGEAYwBPAFMAEgBdVXNlcnMvbWVuZGV6L0RvY3VtZW50cy9QYXBlcnMvQWxleGFuZHJlIER1bWFzLCBwZcyAcmUgLSBXaWtpcGVkaWEsIHRoZSBmcmVlIGVuY3ljbG9wZWRpYS5odG1sAAATAAEvAAAVAAIADf//AADSHh8gIVgkY2xhc3Nlc1okY2xhc3NuYW1loyEiI11OU011dGFibGVEYXRhVk5TRGF0YVhOU09iamVjdG8QWwAuAC4ALwAuAC4ALwAuAC4ALwAuAC4ALwBEAG8AYwB1AG0AZQBuAHQAcwAvAFAAYQBwAGUAcgBzAC8AQQBsAGUAeABhAG4AZAByAGUAIABEAHUAbQBhAHMALAAgAHAAZQMAAHIAZQAgAC0AIABXAGkAawBpAHAAZQBkAGkAYQAsACAAdABoAGUAIABmAHIAZQBlACAAZQBuAGMAeQBjAGwAbwBwAGUAZABpAGEALgBoAHQAbQBs0h4fJieiJyNcTlNEaWN0aW9uYXJ5AAgAEQAaAB8AKQAyADcAOgA/AEEAUwBcAGIAaQBwAHgAgwCFAIgAigCMAI8AkQCTAJ0AqgCvALcAuQLVAtoC4wLuAvIDAAMHAxADyQPOA9EAAAAAAAACAQAAAAAAAAAoAAAAAAAAAAAAAAAAAAAD3g==}}

@electronic{Locke:1689ys,
	Author = {John Locke},
	Date-Added = {2010-08-12 19:43:14 -0400},
	Date-Modified = {2010-08-12 19:47:46 -0400},
	Title = {A Letter Concerning Toleration},
	Translator = {William Popple},
	Url = {http://www.constitution.org/jl/tolerati.htm},
	Urldate = {12 September 1995},
	Year = {1689},
	Abstract = {A Letter Concerning Toleration by John Locke was originally published in 1689. Its initial publication was in Latin, though it was immediately translated into other languages. Locke's work appeared amidst a fear that Catholicism might be taking over England, and responds to the problem of religion and government by proposing religious toleration as the answer. This "letter" is addressed to an anonymous "Honored Sir": this was actually Locke's close friend Philipp van Limborch, who published it without Locke's knowledge.},
	Bdsk-File-1 = {YnBsaXN0MDDUAQIDBAUGCQpYJHZlcnNpb25UJHRvcFkkYXJjaGl2ZXJYJG9iamVjdHMSAAGGoNEHCFRyb290gAFfEA9OU0tleWVkQXJjaGl2ZXKoCwwXGBkdJCVVJG51bGzTDQ4PEBEUViRjbGFzc1dOUy5rZXlzWk5TLm9iamVjdHOAB6ISE4ACgAOiFRaABIAGWWFsaWFzRGF0YVxyZWxhdGl2ZVBhdGjSDRobHFdOUy5kYXRhgAVPEQHmAAAAAAHmAAIAAAVNYWNPUwAAAAAAAAAAAAAAAAAAAAAAAAAAAADHzXIaSCsAAAANXlsfSm9obiBMb2NrZSBBIExldHRlciM0MjczRUEuaHRtbAAAAAAAAAAAAAAAAAAAAAAAAAAAAAAAAAAAAAAAAAAAAEJz6siJ/1EAAAAAAAAAAAAEAAMAAAkgAAAAAAAAAAAAAAAAAAAABlBhcGVycwAQAAgAAMfNqloAAAARAAgAAMiKN5EAAAABABAADV5bAAfPsAAHz5kAAHt9AAIAQ01hY09TOlVzZXJzOm1lbmRlejpEb2N1bWVudHM6UGFwZXJzOkpvaG4gTG9ja2UgQSBMZXR0ZXIjNDI3M0VBLmh0bWwAAA4AXgAuAEoAbwBoAG4AIABMAG8AYwBrAGUAIABBACAATABlAHQAdABlAHIAIABDAG8AbgBjAGUAcgBuAGkAbgBnACAAVABvAGwAZQByAGEAdABpAG8AbgAuAGgAdABtAGwADwAMAAUATQBhAGMATwBTABIATFVzZXJzL21lbmRlei9Eb2N1bWVudHMvUGFwZXJzL0pvaG4gTG9ja2UgQSBMZXR0ZXIgQ29uY2VybmluZyBUb2xlcmF0aW9uLmh0bWwAEwABLwAAFQACAA3//wAA0h4fICFYJGNsYXNzZXNaJGNsYXNzbmFtZaMhIiNdTlNNdXRhYmxlRGF0YVZOU0RhdGFYTlNPYmplY3RfEEsuLi8uLi8uLi8uLi9Eb2N1bWVudHMvUGFwZXJzL0pvaG4gTG9ja2UgQSBMZXR0ZXIgQ29uY2VybmluZyBUb2xlcmF0aW9uLmh0bWzSHh8mJ6InI1xOU0RpY3Rpb25hcnkACAARABoAHwApADIANwA6AD8AQQBTAFwAYgBpAHAAeACDAIUAiACKAIwAjwCRAJMAnQCqAK8AtwC5AqMCqAKxArwCwALOAtUC3gMsAzEDNAAAAAAAAAIBAAAAAAAAACgAAAAAAAAAAAAAAAAAAANB}}

@misc{contributors:2010vn,
	Author = {Wikipedia contributors},
	Date-Added = {2010-08-12 19:40:12 -0400},
	Date-Modified = {2010-08-12 19:48:19 -0400},
	Generator = {MediaWiki 1.16wmf4},
	Journal = {Wikipedia, The Free Encyclopedia.},
	Lastchecked = {12 August 2010},
	Title = {A Letter Concerning Toleration},
	Url = {http://en.wikipedia.org/w/index.php?title=A_Letter_Concerning_Toleration&oldid=365309898},
	Urldate = {31 May 2010},
	Year = {2010},
	Abstract = {A Letter Concerning Toleration by John Locke was originally published in 1689. Its initial publication was in Latin, though it was immediately translated into other languages. Locke's work appeared amidst a fear that Catholicism might be taking over England, and responds to the problem of religion and government by proposing religious toleration as the answer. This "letter" is addressed to an anonymous "Honored Sir": this was actually Locke's close friend Philipp van Limborch, who published it without Locke's knowledge.},
	Bdsk-File-1 = {YnBsaXN0MDDUAQIDBAUGCQpYJHZlcnNpb25UJHRvcFkkYXJjaGl2ZXJYJG9iamVjdHMSAAGGoNEHCFRyb290gAFfEA9OU0tleWVkQXJjaGl2ZXKoCwwXGBkdJCVVJG51bGzTDQ4PEBEUViRjbGFzc1dOUy5rZXlzWk5TLm9iamVjdHOAB6ISE4ACgAOiFRaABIAGWWFsaWFzRGF0YVxyZWxhdGl2ZVBhdGjSDRobHFdOUy5kYXRhgAVPEQHGAAAAAAHGAAIAAAVNYWNPUwAAAAAAAAAAAAAAAAAAAAAAAAAAAADHzXIaSCsAAAANXlsfQSBMZXR0ZXIgQ29uY2VybmluZyM0MjczQjkuaHRtbAAAAAAAAAAAAAAAAAAAAAAAAAAAAAAAAAAAAAAAAAAAAEJzuciJ/tcAAAAAAAAAAAAEAAMAAAkgAAAAAAAAAAAAAAAAAAAABlBhcGVycwAQAAgAAMfNqloAAAARAAgAAMiKNxcAAAABABAADV5bAAfPsAAHz5kAAHt9AAIAQ01hY09TOlVzZXJzOm1lbmRlejpEb2N1bWVudHM6UGFwZXJzOkEgTGV0dGVyIENvbmNlcm5pbmcjNDI3M0I5Lmh0bWwAAA4ASAAjAEEAIABMAGUAdAB0AGUAcgAgAEMAbwBuAGMAZQByAG4AaQBuAGcAIABUAG8AbABlAHIAYQB0AGkAbwBuAC4AaAB0AG0AbAAPAAwABQBNAGEAYwBPAFMAEgBBVXNlcnMvbWVuZGV6L0RvY3VtZW50cy9QYXBlcnMvQSBMZXR0ZXIgQ29uY2VybmluZyBUb2xlcmF0aW9uLmh0bWwAABMAAS8AABUAAgAN//8AANIeHyAhWCRjbGFzc2VzWiRjbGFzc25hbWWjISIjXU5TTXV0YWJsZURhdGFWTlNEYXRhWE5TT2JqZWN0XxBALi4vLi4vLi4vLi4vRG9jdW1lbnRzL1BhcGVycy9BIExldHRlciBDb25jZXJuaW5nIFRvbGVyYXRpb24uaHRtbNIeHyYnoicjXE5TRGljdGlvbmFyeQAIABEAGgAfACkAMgA3ADoAPwBBAFMAXABiAGkAcAB4AIMAhQCIAIoAjACPAJEAkwCdAKoArwC3ALkCgwKIApECnAKgAq4CtQK+AwEDBgMJAAAAAAAAAgEAAAAAAAAAKAAAAAAAAAAAAAAAAAAAAxY=}}

@misc{contributors:2010kx,
	Author = {Wikipedia contributors},
	Date-Added = {2010-08-12 19:38:06 -0400},
	Date-Modified = {2010-08-12 19:40:04 -0400},
	Generator = {MediaWiki 1.16wmf4},
	Journal = {Wikipedia, The Free Encyclopedia.},
	Lastchecked = {8 August 2010},
	Title = {Common Sense (pamphlet)},
	Url = {http://en.wikipedia.org/w/index.php?title=Common_Sense_(pamphlet)&oldid=375882273},
	Urldate = {28 July 2010},
	Year = {2010},
	Abstract = {Common Sense[1] is a pamphlet written by Thomas Paine. It was first published anonymously on January 10, 1776, during the American Revolution. Common Sense, signed "Written by an Englishman", became an immediate success.[2] In relation to the population of the Colonies at that time, it had the largest sale and circulation of any book in American history. Common Sense presented the American colonists with a powerful argument for independence from British rule at a time when the question of independence was still undecided. Paine wrote and reasoned in a style that common people understood; forgoing the philosophy and Latin references used by Enlightenment era writers, Paine structured Common Sense like a sermon and relied on Biblical references to make his case to the people.[3] Historian Gordon S. Wood described Common Sense as, "the most incendiary and popular pamphlet of the entire revolutionary era".[4]},
	Bdsk-File-1 = {YnBsaXN0MDDUAQIDBAUGCQpYJHZlcnNpb25UJHRvcFkkYXJjaGl2ZXJYJG9iamVjdHMSAAGGoNEHCFRyb290gAFfEA9OU0tleWVkQXJjaGl2ZXKoCwwXGBkdJCVVJG51bGzTDQ4PEBEUViRjbGFzc1dOUy5rZXlzWk5TLm9iamVjdHOAB6ISE4ACgAOiFRaABIAGWWFsaWFzRGF0YVxyZWxhdGl2ZVBhdGjSDRobHFdOUy5kYXRhgAVPEQGaAAAAAAGaAAIAAAVNYWNPUwAAAAAAAAAAAAAAAAAAAAAAAAAAAADHzXIaSCsAAABCCbcdQ29tbW9uIFNlbnNlIChwYW1waGxldCkgLmh0bWwAAAAAAAAAAAAAAAAAAAAAAAAAAAAAAAAAAAAAAAAAAAAAAEJzXciJ/hMAAAAAAAAAAAAEAAIAAAkgAAAAAAAAAAAAAAAAAAAABi5UcmFzaAAQAAgAAMfNqloAAAARAAgAAMiKNlMAAAABAAwAQgm3AAfPmQAAe30AAgA3TWFjT1M6VXNlcnM6bWVuZGV6Oi5UcmFzaDpDb21tb24gU2Vuc2UgKHBhbXBobGV0KSAuaHRtbAAADgA8AB0AQwBvAG0AbQBvAG4AIABTAGUAbgBzAGUAIAAoAHAAYQBtAHAAaABsAGUAdAApACAALgBoAHQAbQBsAA8ADAAFAE0AYQBjAE8AUwASADFVc2Vycy9tZW5kZXovLlRyYXNoL0NvbW1vbiBTZW5zZSAocGFtcGhsZXQpIC5odG1sAAATAAEvAAAVAAIADf//AADSHh8gIVgkY2xhc3Nlc1okY2xhc3NuYW1loyEiI11OU011dGFibGVEYXRhVk5TRGF0YVhOU09iamVjdF8QMC4uLy4uLy4uLy4uLy5UcmFzaC9Db21tb24gU2Vuc2UgKHBhbXBobGV0KSAuaHRtbNIeHyYnoicjXE5TRGljdGlvbmFyeQAIABEAGgAfACkAMgA3ADoAPwBBAFMAXABiAGkAcAB4AIMAhQCIAIoAjACPAJEAkwCdAKoArwC3ALkCVwJcAmUCcAJ0AoICiQKSAsUCygLNAAAAAAAAAgEAAAAAAAAAKAAAAAAAAAAAAAAAAAAAAto=}}

@electronic{Paine:1894uq,
	Address = {Stationer's Hall, London},
	Author = {Thomas Paine},
	Booktitle = {The Writings of Thomas Paine},
	Date-Added = {2010-08-12 19:25:57 -0400},
	Date-Modified = {2010-08-12 19:36:33 -0400},
	Editor = {Moncure Daniel Conway},
	Publisher = {G.P. Putnam's Sons},
	Title = {Common Sense},
	Url = {http://www.gutenberg.org/etext/3755},
	Urldate = {01 February 2003},
	Volume = {1},
	Year = {1894},
	Bdsk-File-1 = {YnBsaXN0MDDUAQIDBAUGCQpYJHZlcnNpb25UJHRvcFkkYXJjaGl2ZXJYJG9iamVjdHMSAAGGoNEHCFRyb290gAFfEA9OU0tleWVkQXJjaGl2ZXKoCwwXGBkdJCVVJG51bGzTDQ4PEBEUViRjbGFzc1dOUy5rZXlzWk5TLm9iamVjdHOAB6ISE4ACgAOiFRaABIAGWWFsaWFzRGF0YVxyZWxhdGl2ZVBhdGjSDRobHFdOUy5kYXRhgAVPEQI+AAAAAAI+AAIAAAVNYWNPUwAAAAAAAAAAAAAAAAAAAAAAAAAAAADHzXIaSCsAAAANXlsfVGhlIFByb2plY3QgR3V0ZW5iZSM0MjcyOTIuaHRtbAAAAAAAAAAAAAAAAAAAAAAAAAAAAAAAAAAAAAAAAAAAAEJyksiJ/P0AAAAAAAAAAAAEAAMAAAkgAAAAAAAAAAAAAAAAAAAABlBhcGVycwAQAAgAAMfNqloAAAARAAgAAMiKNT0AAAABABAADV5bAAfPsAAHz5kAAHt9AAIAQ01hY09TOlVzZXJzOm1lbmRlejpEb2N1bWVudHM6UGFwZXJzOlRoZSBQcm9qZWN0IEd1dGVuYmUjNDI3MjkyLmh0bWwAAA4AmABLAFQAaABlACAAUAByAG8AagBlAGMAdAAgAEcAdQB0AGUAbgBiAGUAcgBnACAARQAtAHQAZQB4AHQAIABvAGYAIABUAGgAZQAgAFcAcgBpAHQAaQBuAGcAcwAgAG8AZgAgAFQAaABvAG0AYQBzACAAUABhAGkAbgBlACwAIABWAG8AbAB1AG0AZQAgADEALgBoAHQAbQBsAA8ADAAFAE0AYQBjAE8AUwASAGlVc2Vycy9tZW5kZXovRG9jdW1lbnRzL1BhcGVycy9UaGUgUHJvamVjdCBHdXRlbmJlcmcgRS10ZXh0IG9mIFRoZSBXcml0aW5ncyBvZiBUaG9tYXMgUGFpbmUsIFZvbHVtZSAxLmh0bWwAABMAAS8AABUAAgAN//8AANIeHyAhWCRjbGFzc2VzWiRjbGFzc25hbWWjISIjXU5TTXV0YWJsZURhdGFWTlNEYXRhWE5TT2JqZWN0XxBoLi4vLi4vLi4vLi4vRG9jdW1lbnRzL1BhcGVycy9UaGUgUHJvamVjdCBHdXRlbmJlcmcgRS10ZXh0IG9mIFRoZSBXcml0aW5ncyBvZiBUaG9tYXMgUGFpbmUsIFZvbHVtZSAxLmh0bWzSHh8mJ6InI1xOU0RpY3Rpb25hcnkACAARABoAHwApADIANwA6AD8AQQBTAFwAYgBpAHAAeACDAIUAiACKAIwAjwCRAJMAnQCqAK8AtwC5AvsDAAMJAxQDGAMmAy0DNgOhA6YDqQAAAAAAAAIBAAAAAAAAACgAAAAAAAAAAAAAAAAAAAO2}}

@misc{contributors:2010fk,
	Author = {Wikipedia contributors},
	Date-Added = {2010-08-12 19:12:52 -0400},
	Date-Modified = {2010-08-12 19:15:13 -0400},
	Journal = {Wikipedia, The Free Encyclopedia.},
	Lastchecked = {12 August 2010},
	Title = {American Enlightenment},
	Url = {http://en.wikipedia.org/w/index.php?title=Abram_Petrovich_Gannibal&oldid=376139910},
	Urldate = {21 July 2010},
	Year = {2010},
	Abstract = {The degree to which women during the Enlightenment were either oppressed and kept to the private sphere, or participated in changing the political and social institutions of the day has always been debated.},
	Bdsk-File-1 = {YnBsaXN0MDDUAQIDBAUGCQpYJHZlcnNpb25UJHRvcFkkYXJjaGl2ZXJYJG9iamVjdHMSAAGGoNEHCFRyb290gAFfEA9OU0tleWVkQXJjaGl2ZXKoCwwXGBkdJCVVJG51bGzTDQ4PEBEUViRjbGFzc1dOUy5rZXlzWk5TLm9iamVjdHOAB6ISE4ACgAOiFRaABIAGWWFsaWFzRGF0YVxyZWxhdGl2ZVBhdGjSDRobHFdOUy5kYXRhgAVPEQIUAAAAAAIUAAIAAAVNYWNPUwAAAAAAAAAAAAAAAAAAAAAAAAAAAADHzXIaSCsAAAANXlsfQW1lcmljYW4gRW5saWdodGVubWUjM0VGNTc2LndhcgAAAAAAAAAAAAAAAAAAAAAAAAAAAAAAAAAAAAAAAAAAAD71dsiBCeEAAAAAAAAAAAAEAAMAAAkgAAAAAAAAAAAAAAAAAAAABlBhcGVycwAQAAgAAMfNqloAAAARAAgAAMiBQiEAAAABABAADV5bAAfPsAAHz5kAAHt9AAIAQ01hY09TOlVzZXJzOm1lbmRlejpEb2N1bWVudHM6UGFwZXJzOkFtZXJpY2FuIEVubGlnaHRlbm1lIzNFRjU3Ni53YXIAAA4AfAA9AEEAbQBlAHIAaQBjAGEAbgAgAEUAbgBsAGkAZwBoAHQAZQBuAG0AZQBuAHQAIAAtACAAVwBpAGsAaQBwAGUAZABpAGEALAAgAHQAaABlACAAZgByAGUAZQAgAGUAbgBjAHkAYwBsAG8AcABlAGQAaQBhAC4AdwBhAHIADwAMAAUATQBhAGMATwBTABIAW1VzZXJzL21lbmRlei9Eb2N1bWVudHMvUGFwZXJzL0FtZXJpY2FuIEVubGlnaHRlbm1lbnQgLSBXaWtpcGVkaWEsIHRoZSBmcmVlIGVuY3ljbG9wZWRpYS53YXIAABMAAS8AABUAAgAN//8AANIeHyAhWCRjbGFzc2VzWiRjbGFzc25hbWWjISIjXU5TTXV0YWJsZURhdGFWTlNEYXRhWE5TT2JqZWN0XxBaLi4vLi4vLi4vLi4vRG9jdW1lbnRzL1BhcGVycy9BbWVyaWNhbiBFbmxpZ2h0ZW5tZW50IC0gV2lraXBlZGlhLCB0aGUgZnJlZSBlbmN5Y2xvcGVkaWEud2Fy0h4fJieiJyNcTlNEaWN0aW9uYXJ5AAgAEQAaAB8AKQAyADcAOgA/AEEAUwBcAGIAaQBwAHgAgwCFAIgAigCMAI8AkQCTAJ0AqgCvALcAuQLRAtYC3wLqAu4C/AMDAwwDaQNuA3EAAAAAAAACAQAAAAAAAAAoAAAAAAAAAAAAAAAAAAADfg==}}

@article{Blakely:1976uq,
	Author = {Allison Blakely},
	Cr = {Copyright \copyright 1976 Association for the Study of African-American Life and History, Inc.},
	Date-Added = {2010-08-12 18:38:29 -0400},
	Date-Modified = {2010-08-12 18:38:29 -0400},
	Isbn = {00222992},
	Journal = {The Journal of Negro History},
	M1 = {ArticleType: primary{\_}article / Full publication date: Oct., 1976 / Copyright {\copyright}1976 Association for the Study of African-American Life and History, Inc.},
	Number = {4},
	Pages = {351--361},
	Publisher = {Association for the Study of African-American Life and History, Inc.},
	Title = {The Negro in Imperial Russia: A Preliminary Sketch},
	Ty = {JOUR},
	Url = {http://www.jstor.org/stable/2717002},
	Volume = {61},
	Year = {Oct., 1976},
	Bdsk-File-1 = {YnBsaXN0MDDUAQIDBAUGCQpYJHZlcnNpb25UJHRvcFkkYXJjaGl2ZXJYJG9iamVjdHMSAAGGoNEHCFRyb290gAFfEA9OU0tleWVkQXJjaGl2ZXKoCwwXGBkdJCVVJG51bGzTDQ4PEBEUViRjbGFzc1dOUy5rZXlzWk5TLm9iamVjdHOAB6ISE4ACgAOiFRaABIAGWWFsaWFzRGF0YVxyZWxhdGl2ZVBhdGjSDRobHFdOUy5kYXRhgAVPEQFqAAAAAAFqAAIAAAVNYWNPUwAAAAAAAAAAAAAAAAAAAAAAAAAAAADHzXIaSCsAAAANXlsLMjcxNzAwMi5wZGYAAAAAAAAAAAAAAAAAAAAAAAAAAAAAAAAAAAAAAAAAAAAAAAAAAAAAAAAAAAAAAAAAAAAAAEJuQMiJ8B4AAAAAAAAAAAAEAAMAAAkgAAAAAAAAAAAAAAAAAAAABlBhcGVycwAQAAgAAMfNqloAAAARAAgAAMiKKF4AAAABABAADV5bAAfPsAAHz5kAAHt9AAIAL01hY09TOlVzZXJzOm1lbmRlejpEb2N1bWVudHM6UGFwZXJzOjI3MTcwMDIucGRmAAAOABgACwAyADcAMQA3ADAAMAAyAC4AcABkAGYADwAMAAUATQBhAGMATwBTABIAKVVzZXJzL21lbmRlei9Eb2N1bWVudHMvUGFwZXJzLzI3MTcwMDIucGRmAAATAAEvAAAVAAIADf//AADSHh8gIVgkY2xhc3Nlc1okY2xhc3NuYW1loyEiI11OU011dGFibGVEYXRhVk5TRGF0YVhOU09iamVjdF8QKC4uLy4uLy4uLy4uL0RvY3VtZW50cy9QYXBlcnMvMjcxNzAwMi5wZGbSHh8mJ6InI1xOU0RpY3Rpb25hcnkACAARABoAHwApADIANwA6AD8AQQBTAFwAYgBpAHAAeACDAIUAiACKAIwAjwCRAJMAnQCqAK8AtwC5AicCLAI1AkACRAJSAlkCYgKNApIClQAAAAAAAAIBAAAAAAAAACgAAAAAAAAAAAAAAAAAAAKi},
	Bdsk-Url-1 = {http://www.jstor.org/stable/2717002}}

@article{Jesman:1964fk,
	Author = {Jesman, Czeslaw},
	Cr = {Copyright \copyright 1964 W.E.B. Du Bois Institute},
	Date-Added = {2010-08-12 18:37:07 -0400},
	Date-Modified = {2010-08-12 18:37:07 -0400},
	Isbn = {00411191},
	Journal = {Transition},
	M1 = {ArticleType: primary{\_}article / Full publication date: 1964 / Copyright {\copyright}1964 W.E.B. Du Bois Institute},
	Number = {14},
	Pages = {28--35},
	Publisher = {Indiana University Press on behalf of the W.E.B. Du Bois Institute},
	Title = {The African Ancestry of Alexander Pushkin},
	Ty = {JOUR},
	Url = {http://www.jstor.org/stable/2934584},
	Year = {1964},
	Bdsk-File-1 = {YnBsaXN0MDDUAQIDBAUGCQpYJHZlcnNpb25UJHRvcFkkYXJjaGl2ZXJYJG9iamVjdHMSAAGGoNEHCFRyb290gAFfEA9OU0tleWVkQXJjaGl2ZXKoCwwXGBkdJCVVJG51bGzTDQ4PEBEUViRjbGFzc1dOUy5rZXlzWk5TLm9iamVjdHOAB6ISE4ACgAOiFRaABIAGWWFsaWFzRGF0YVxyZWxhdGl2ZVBhdGjSDRobHFdOUy5kYXRhgAVPEQFqAAAAAAFqAAIAAAVNYWNPUwAAAAAAAAAAAAAAAAAAAAAAAAAAAADHzXIaSCsAAAANXlsLMjkzNDU4NC5wZGYAAAAAAAAAAAAAAAAAAAAAAAAAAAAAAAAAAAAAAAAAAAAAAAAAAAAAAAAAAAAAAAAAAAAAAEJuGsiJ77YAAAAAAAAAAAAEAAMAAAkgAAAAAAAAAAAAAAAAAAAABlBhcGVycwAQAAgAAMfNqloAAAARAAgAAMiKJ/YAAAABABAADV5bAAfPsAAHz5kAAHt9AAIAL01hY09TOlVzZXJzOm1lbmRlejpEb2N1bWVudHM6UGFwZXJzOjI5MzQ1ODQucGRmAAAOABgACwAyADkAMwA0ADUAOAA0AC4AcABkAGYADwAMAAUATQBhAGMATwBTABIAKVVzZXJzL21lbmRlei9Eb2N1bWVudHMvUGFwZXJzLzI5MzQ1ODQucGRmAAATAAEvAAAVAAIADf//AADSHh8gIVgkY2xhc3Nlc1okY2xhc3NuYW1loyEiI11OU011dGFibGVEYXRhVk5TRGF0YVhOU09iamVjdF8QKC4uLy4uLy4uLy4uL0RvY3VtZW50cy9QYXBlcnMvMjkzNDU4NC5wZGbSHh8mJ6InI1xOU0RpY3Rpb25hcnkACAARABoAHwApADIANwA6AD8AQQBTAFwAYgBpAHAAeACDAIUAiACKAIwAjwCRAJMAnQCqAK8AtwC5AicCLAI1AkACRAJSAlkCYgKNApIClQAAAAAAAAIBAAAAAAAAACgAAAAAAAAAAAAAAAAAAAKi},
	Bdsk-Url-1 = {http://www.jstor.org/stable/2934584}}

@electronic{Merriman:2006fx,
	Author = {C.D. Merriman},
	Date-Added = {2010-08-12 18:05:25 -0400},
	Date-Modified = {2010-08-12 18:09:18 -0400},
	Description = {Alexander Pushkin. Biography of Alexander Pushkin and a searchable collection of works.},
	Journal = {The Literature Network},
	Keywords = {Alexander Pushkin, Alexander, Pushkin, biography, search, about, times, life, life and times, biography, bibliography, ebook, etext, e-text, e-book, works, read, read online, search, research, study, Alexander Pushkin, essays, study guide, essay, homework},
	Title = {Alexander Pushkin},
	Url = {http://www.online-literature.com/alexander-pushkin/},
	Urldate = {12 August 2010},
	Verify-V1 = {G4NzOBAYW64LKTErNlq+RXvStlZOKLWjUU2cKVFcg3E=},
	Year = {2006},
	Abstract = {Alexander Pushkin [Aleksandr Sergeyevich] (1799-1837), ``Russia's Bard'' and one of the most important contributors to modern Russian literature wrote the epic 19th century romance Eugene Onegin [Yevgeny or Evgeny Onegin] (1833);},
	Bdsk-File-1 = {YnBsaXN0MDDUAQIDBAUGCQpYJHZlcnNpb25UJHRvcFkkYXJjaGl2ZXJYJG9iamVjdHMSAAGGoNEHCFRyb290gAFfEA9OU0tleWVkQXJjaGl2ZXKoCwwXGBkdJCVVJG51bGzTDQ4PEBEUViRjbGFzc1dOUy5rZXlzWk5TLm9iamVjdHOAB6ISE4ACgAOiFRaABIAGWWFsaWFzRGF0YVxyZWxhdGl2ZVBhdGjSDRobHFdOUy5kYXRhgAVPEQHgAAAAAAHgAAIAAAVNYWNPUwAAAAAAAAAAAAAAAAAAAAAAAAAAAADHzXIaSCsAAAANXlsfQWxleGFuZGVyIFB1c2hraW4gLSM0MjZBN0EuaHRtbAAAAAAAAAAAAAAAAAAAAAAAAAAAAAAAAAAAAAAAAAAAAEJqesiJ6TcAAAAAAAAAAAAEAAMAAAkgAAAAAAAAAAAAAAAAAAAABlBhcGVycwAQAAgAAMfNqloAAAARAAgAAMiKIXcAAAABABAADV5bAAfPsAAHz5kAAHt9AAIAQ01hY09TOlVzZXJzOm1lbmRlejpEb2N1bWVudHM6UGFwZXJzOkFsZXhhbmRlciBQdXNoa2luIC0jNDI2QTdBLmh0bWwAAA4AWgAsAEEAbABlAHgAYQBuAGQAZQByACAAUAB1AHMAaABrAGkAbgAgAC0AIABCAGkAbwBnAHIAYQBwAGgAeQAgAGEAbgBkACAAVwBvAHIAawBzAC4AaAB0AG0AbAAPAAwABQBNAGEAYwBPAFMAEgBKVXNlcnMvbWVuZGV6L0RvY3VtZW50cy9QYXBlcnMvQWxleGFuZGVyIFB1c2hraW4gLSBCaW9ncmFwaHkgYW5kIFdvcmtzLmh0bWwAEwABLwAAFQACAA3//wAA0h4fICFYJGNsYXNzZXNaJGNsYXNzbmFtZaMhIiNdTlNNdXRhYmxlRGF0YVZOU0RhdGFYTlNPYmplY3RfEEkuLi8uLi8uLi8uLi9Eb2N1bWVudHMvUGFwZXJzL0FsZXhhbmRlciBQdXNoa2luIC0gQmlvZ3JhcGh5IGFuZCBXb3Jrcy5odG1s0h4fJieiJyNcTlNEaWN0aW9uYXJ5AAgAEQAaAB8AKQAyADcAOgA/AEEAUwBcAGIAaQBwAHgAgwCFAIgAigCMAI8AkQCTAJ0AqgCvALcAuQKdAqICqwK2AroCyALPAtgDJAMpAywAAAAAAAACAQAAAAAAAAAoAAAAAAAAAAAAAAAAAAADOQ==}}

@misc{contributors:2010bd,
	Author = {Wikipedia contributors},
	Date-Added = {2010-08-12 17:47:55 -0400},
	Date-Modified = {2010-08-12 17:49:13 -0400},
	Journal = {Wikipedia, The Free Encyclopedia.},
	Lastchecked = {4 August 2010},
	Title = {Alexander Pushkin},
	Url = {http://en.wikipedia.org/w/index.php?title=Alexander_Pushkin&oldid=377142377},
	Urldate = {12 August 2010},
	Year = {2010},
	Abstract = {The degree to which women during the Enlightenment were either oppressed and kept to the private sphere, or participated in changing the political and social institutions of the day has always been debated.},
	Bdsk-File-1 = {YnBsaXN0MDDUAQIDBAUGCQpYJHZlcnNpb25UJHRvcFkkYXJjaGl2ZXJYJG9iamVjdHMSAAGGoNEHCFRyb290gAFfEA9OU0tleWVkQXJjaGl2ZXKoCwwXGBkdJCVVJG51bGzTDQ4PEBEUViRjbGFzc1dOUy5rZXlzWk5TLm9iamVjdHOAB6ISE4ACgAOiFRaABIAGWWFsaWFzRGF0YVxyZWxhdGl2ZVBhdGjSDRobHFdOUy5kYXRhgAVPEQGUAAAAAAGUAAIAAAVNYWNPUwAAAAAAAAAAAAAAAAAAAAAAAAAAAADHzXIaSCsAAAANXlsWQWxleGFuZGVyIFB1c2hraW4uaHRtbAAAAAAAAAAAAAAAAAAAAAAAAAAAAAAAAAAAAAAAAAAAAAAAAAAAAAAAAEJoGciJ5BsAAAAAAAAAAAAEAAMAAAkgAAAAAAAAAAAAAAAAAAAABlBhcGVycwAQAAgAAMfNqloAAAARAAgAAMiKHFsAAAABABAADV5bAAfPsAAHz5kAAHt9AAIAOk1hY09TOlVzZXJzOm1lbmRlejpEb2N1bWVudHM6UGFwZXJzOkFsZXhhbmRlciBQdXNoa2luLmh0bWwADgAuABYAQQBsAGUAeABhAG4AZABlAHIAIABQAHUAcwBoAGsAaQBuAC4AaAB0AG0AbAAPAAwABQBNAGEAYwBPAFMAEgA0VXNlcnMvbWVuZGV6L0RvY3VtZW50cy9QYXBlcnMvQWxleGFuZGVyIFB1c2hraW4uaHRtbAATAAEvAAAVAAIADf//AADSHh8gIVgkY2xhc3Nlc1okY2xhc3NuYW1loyEiI11OU011dGFibGVEYXRhVk5TRGF0YVhOU09iamVjdF8QMy4uLy4uLy4uLy4uL0RvY3VtZW50cy9QYXBlcnMvQWxleGFuZGVyIFB1c2hraW4uaHRtbNIeHyYnoicjXE5TRGljdGlvbmFyeQAIABEAGgAfACkAMgA3ADoAPwBBAFMAXABiAGkAcAB4AIMAhQCIAIoAjACPAJEAkwCdAKoArwC3ALkCUQJWAl8CagJuAnwCgwKMAsICxwLKAAAAAAAAAgEAAAAAAAAAKAAAAAAAAAAAAAAAAAAAAtc=}}

@article{Kahn:2005qc,
	Author = {Andrew Kahn},
	Date-Added = {2010-08-12 17:42:53 -0400},
	Date-Modified = {2010-08-12 17:44:27 -0400},
	Journal = {The Times Literary Supplement},
	Month = {October},
	Title = {Black Russian},
	Url = {http://www.powells.com/review/2005_10_02.html},
	Urldate = {12 August 2010},
	Year = {2005},
	Abstract = {On a recent visit to the New York Public Library I was struck by the non-Slavonic shelfmark of a work on Pushkin. To my query the reference librarian replied, "Honey, that book is in the Schomburg Center for Research in Black Culture because everybody knows that Pushkin was black". What she meant, of course, was that Pushkin's great-grandfather, the subject of Hugh Barnes's lively study, Gannibal: The moor of Petersburg, was a black African. There have been two previous modern lives of Ganibal (wrongly transliterated in this book), the first a potted biography by Vladimir Nabokov in his great commentary to Eugene Onegin (1964), and the second the still definitive study by Diedonne Gnammankou (Abraham Hanibal: L'aieul noir de Pouchkine, Paris, 1996). },
	Bdsk-File-1 = {YnBsaXN0MDDUAQIDBAUGCQpYJHZlcnNpb25UJHRvcFkkYXJjaGl2ZXJYJG9iamVjdHMSAAGGoNEHCFRyb290gAFfEA9OU0tleWVkQXJjaGl2ZXKoCwwXGBkdJCVVJG51bGzTDQ4PEBEUViRjbGFzc1dOUy5rZXlzWk5TLm9iamVjdHOAB6ISE4ACgAOiFRaABIAGWWFsaWFzRGF0YVxyZWxhdGl2ZVBhdGjSDRobHFdOUy5kYXRhgAVPEQLKAAAAAALKAAIAAAVNYWNPUwAAAAAAAAAAAAAAAAAAAAAAAAAAAADHzXIaSCsAAAANXlsfUmV2aWV3LWEtRGF5IC0gR2FubiM0MjY3Q0EuaHRtbAAAAAAAAAAAAAAAAAAAAAAAAAAAAAAAAAAAAAAAAAAAAEJnysiJ4ywAAAAAAAAAAAAEAAMAAAkgAAAAAAAAAAAAAAAAAAAABlBhcGVycwAQAAgAAMfNqloAAAARAAgAAMiKG2wAAAABABAADV5bAAfPsAAHz5kAAHt9AAIAQ01hY09TOlVzZXJzOm1lbmRlejpEb2N1bWVudHM6UGFwZXJzOlJldmlldy1hLURheSAtIEdhbm4jNDI2N0NBLmh0bWwAAA4A9gB6AFIAZQB2AGkAZQB3AC0AYQAtAEQAYQB5ACAALQAgAEcAYQBuAG4AaQBiAGEAbAAgAHQAaABlACAATQBvAG8AcgAgAG8AZgAgAFAAZQB0AGUAcgBzAGIAdQByAGcAIABiAHkAIABIAHUAZwBoACAAQgBhAHIAbgBlAHMALAAgAHIAZQB2AGkAZQB3AGUAZAAgAGIAeQAgAFQAaQBtAGUAcwAgAEwAaQB0AGUAcgBhAHIAeQAgAFMAdQBwAHAAbABlAG0AZQBuAHQAIAAtACAAUABvAHcAZQBsAGwAJwBzACAAQgBvAG8AawBzAC4AaAB0AG0AbAAPAAwABQBNAGEAYwBPAFMAEgCYVXNlcnMvbWVuZGV6L0RvY3VtZW50cy9QYXBlcnMvUmV2aWV3LWEtRGF5IC0gR2FubmliYWwgdGhlIE1vb3Igb2YgUGV0ZXJzYnVyZyBieSBIdWdoIEJhcm5lcywgcmV2aWV3ZWQgYnkgVGltZXMgTGl0ZXJhcnkgU3VwcGxlbWVudCAtIFBvd2VsbCdzIEJvb2tzLmh0bWwAEwABLwAAFQACAA3//wAA0h4fICFYJGNsYXNzZXNaJGNsYXNzbmFtZaMhIiNdTlNNdXRhYmxlRGF0YVZOU0RhdGFYTlNPYmplY3RfEJcuLi8uLi8uLi8uLi9Eb2N1bWVudHMvUGFwZXJzL1Jldmlldy1hLURheSAtIEdhbm5pYmFsIHRoZSBNb29yIG9mIFBldGVyc2J1cmcgYnkgSHVnaCBCYXJuZXMsIHJldmlld2VkIGJ5IFRpbWVzIExpdGVyYXJ5IFN1cHBsZW1lbnQgLSBQb3dlbGwncyBCb29rcy5odG1s0h4fJieiJyNcTlNEaWN0aW9uYXJ5AAgAEQAaAB8AKQAyADcAOgA/AEEAUwBcAGIAaQBwAHgAgwCFAIgAigCMAI8AkQCTAJ0AqgCvALcAuQOHA4wDlQOgA6QDsgO5A8IEXARhBGQAAAAAAAACAQAAAAAAAAAoAAAAAAAAAAAAAAAAAAAEcQ==}}

@article{Gee:2005ss,
	Author = {Maggie Gee},
	Date-Added = {2010-08-12 17:39:31 -0400},
	Date-Modified = {2010-08-12 17:41:31 -0400},
	Journal = {New Statesman},
	Month = {August},
	Title = {Dark star of the Enlightenment},
	Url = {http://www.newstatesman.com/200508080033},
	Urldate = {12 August 2010},
	Year = {2005},
	Abstract = {How did an African slave surmount 18th-century attitudes to become a top military commander and intimate of Peter the Great? Maggie Gee charts an extraordinary life},
	Bdsk-File-1 = {YnBsaXN0MDDUAQIDBAUGCQpYJHZlcnNpb25UJHRvcFkkYXJjaGl2ZXJYJG9iamVjdHMSAAGGoNEHCFRyb290gAFfEA9OU0tleWVkQXJjaGl2ZXKoCwwXGBkdJCVVJG51bGzTDQ4PEBEUViRjbGFzc1dOUy5rZXlzWk5TLm9iamVjdHOAB6ISE4ACgAOiFRaABIAGWWFsaWFzRGF0YVxyZWxhdGl2ZVBhdGjSDRobHFdOUy5kYXRhgAVPEQGEAAAAAAGEAAIAAAVNYWNPUwAAAAAAAAAAAAAAAAAAAAAAAAAAAADHzXIaSCsAAAANXlsSTmV3IFN0YXRlc21hbi5odG1sAAAAAAAAAAAAAAAAAAAAAAAAAAAAAAAAAAAAAAAAAAAAAAAAAAAAAAAAAAAAAEJnqMiJ4i4AAAAAAAAAAAAEAAMAAAkgAAAAAAAAAAAAAAAAAAAABlBhcGVycwAQAAgAAMfNqloAAAARAAgAAMiKGm4AAAABABAADV5bAAfPsAAHz5kAAHt9AAIANk1hY09TOlVzZXJzOm1lbmRlejpEb2N1bWVudHM6UGFwZXJzOk5ldyBTdGF0ZXNtYW4uaHRtbAAOACYAEgBOAGUAdwAgAFMAdABhAHQAZQBzAG0AYQBuAC4AaAB0AG0AbAAPAAwABQBNAGEAYwBPAFMAEgAwVXNlcnMvbWVuZGV6L0RvY3VtZW50cy9QYXBlcnMvTmV3IFN0YXRlc21hbi5odG1sABMAAS8AABUAAgAN//8AANIeHyAhWCRjbGFzc2VzWiRjbGFzc25hbWWjISIjXU5TTXV0YWJsZURhdGFWTlNEYXRhWE5TT2JqZWN0XxAvLi4vLi4vLi4vLi4vRG9jdW1lbnRzL1BhcGVycy9OZXcgU3RhdGVzbWFuLmh0bWzSHh8mJ6InI1xOU0RpY3Rpb25hcnkACAARABoAHwApADIANwA6AD8AQQBTAFwAYgBpAHAAeACDAIUAiACKAIwAjwCRAJMAnQCqAK8AtwC5AkECRgJPAloCXgJsAnMCfAKuArMCtgAAAAAAAAIBAAAAAAAAACgAAAAAAAAAAAAAAAAAAALD}}

@misc{contributors:2010fc,
	Author = {Wikipedia contributors},
	Date-Added = {2010-08-12 17:34:20 -0400},
	Date-Modified = {2010-08-12 17:37:15 -0400},
	Journal = {Wikipedia, The Free Encyclopedia.},
	Lastchecked = {28 July 2010},
	Title = {Abram Petrovich Gannibal},
	Url = {http://en.wikipedia.org/w/index.php?title=Abram_Petrovich_Gannibal&oldid=376139910},
	Urldate = {12 August 2010},
	Year = {2010},
	Abstract = {The degree to which women during the Enlightenment were either oppressed and kept to the private sphere, or participated in changing the political and social institutions of the day has always been debated.},
	Bdsk-File-1 = {YnBsaXN0MDDUAQIDBAUGCQpYJHZlcnNpb25UJHRvcFkkYXJjaGl2ZXJYJG9iamVjdHMSAAGGoNEHCFRyb290gAFfEA9OU0tleWVkQXJjaGl2ZXKoCwwXGBkdJCVVJG51bGzTDQ4PEBEUViRjbGFzc1dOUy5rZXlzWk5TLm9iamVjdHOAB6ISE4ACgAOiFRaABIAGWWFsaWFzRGF0YVxyZWxhdGl2ZVBhdGjSDRobHFdOUy5kYXRhgAVPEQIEAAAAAAIEAAIAAAVNYWNPUwAAAAAAAAAAAAAAAAAAAAAAAAAAAADHzXIaSCsAAABCCbcfQWJyYW0gUGV0cm92aWNoIEdhbiM0MjcwNjAuaHRtbAAAAAAAAAAAAAAAAAAAAAAAAAAAAAAAAAAAAAAAAAAAAEJwYMiJ+BoAAAAAAAAAAAAEAAIAAAkgAAAAAAAAAAAAAAAAAAAABi5UcmFzaAAQAAgAAMfNqloAAAARAAgAAMiKMFoAAAABAAwAQgm3AAfPmQAAe30AAgA5TWFjT1M6VXNlcnM6bWVuZGV6Oi5UcmFzaDpBYnJhbSBQZXRyb3ZpY2ggR2FuIzQyNzA2MC5odG1sAAAOAIIAQABBAGIAcgBhAG0AIABQAGUAdAByAG8AdgBpAGMAaAAgAEcAYQBuAG4AaQBiAGEAbAAgAC0AIABXAGkAawBpAHAAZQBkAGkAYQAsACAAdABoAGUAIABmAHIAZQBlACAAZQBuAGMAeQBjAGwAbwBwAGUAZABpAGEALgBoAHQAbQBsAA8ADAAFAE0AYQBjAE8AUwASAFRVc2Vycy9tZW5kZXovLlRyYXNoL0FicmFtIFBldHJvdmljaCBHYW5uaWJhbCAtIFdpa2lwZWRpYSwgdGhlIGZyZWUgZW5jeWNsb3BlZGlhLmh0bWwAEwABLwAAFQACAA3//wAA0h4fICFYJGNsYXNzZXNaJGNsYXNzbmFtZaMhIiNdTlNNdXRhYmxlRGF0YVZOU0RhdGFYTlNPYmplY3RfEFMuLi8uLi8uLi8uLi8uVHJhc2gvQWJyYW0gUGV0cm92aWNoIEdhbm5pYmFsIC0gV2lraXBlZGlhLCB0aGUgZnJlZSBlbmN5Y2xvcGVkaWEuaHRtbNIeHyYnoicjXE5TRGljdGlvbmFyeQAIABEAGgAfACkAMgA3ADoAPwBBAFMAXABiAGkAcAB4AIMAhQCIAIoAjACPAJEAkwCdAKoArwC3ALkCwQLGAs8C2gLeAuwC8wL8A1IDVwNaAAAAAAAAAgEAAAAAAAAAKAAAAAAAAAAAAAAAAAAAA2c=}}

@webpage{:1999rq,
	Date-Added = {2010-08-12 17:21:07 -0400},
	Date-Modified = {2010-08-12 17:25:26 -0400},
	Lastchecked = {12 August 2010},
	Title = {Classic Cafes: The Comign of the Cafes},
	Url = {http://www.classiccafes.co.uk/History.html},
	Year = {1999-2008},
	Bdsk-File-1 = {YnBsaXN0MDDUAQIDBAUGCQpYJHZlcnNpb25UJHRvcFkkYXJjaGl2ZXJYJG9iamVjdHMSAAGGoNEHCFRyb290gAFfEA9OU0tleWVkQXJjaGl2ZXKoCwwXGBkdJCVVJG51bGzTDQ4PEBEUViRjbGFzc1dOUy5rZXlzWk5TLm9iamVjdHOAB6ISE4ACgAOiFRaABIAGWWFsaWFzRGF0YVxyZWxhdGl2ZVBhdGjSDRobHFdOUy5kYXRhgAVPEQHOAAAAAAHOAAIAAAVNYWNPUwAAAAAAAAAAAAAAAAAAAAAAAAAAAADHzXIaSCsAAAANXlsfQ2xhc3NpYyBDYWZlcyBBbiBJbiM0MjY1NUUuaHRtbAAAAAAAAAAAAAAAAAAAAAAAAAAAAAAAAAAAAAAAAAAAAEJlXsiJ3kMAAAAAAAAAAAAEAAMAAAkgAAAAAAAAAAAAAAAAAAAABlBhcGVycwAQAAgAAMfNqloAAAARAAgAAMiKFoMAAAABABAADV5bAAfPsAAHz5kAAHt9AAIAQ01hY09TOlVzZXJzOm1lbmRlejpEb2N1bWVudHM6UGFwZXJzOkNsYXNzaWMgQ2FmZXMgQW4gSW4jNDI2NTVFLmh0bWwAAA4ATgAmAEMAbABhAHMAcwBpAGMAIABDAGEAZgBlAHMAIABBAG4AIABJAG4AdABpAG0AYQB0AGUAIABIAGkAcwB0AG8AcgB5AC4AaAB0AG0AbAAPAAwABQBNAGEAYwBPAFMAEgBEVXNlcnMvbWVuZGV6L0RvY3VtZW50cy9QYXBlcnMvQ2xhc3NpYyBDYWZlcyBBbiBJbnRpbWF0ZSBIaXN0b3J5Lmh0bWwAEwABLwAAFQACAA3//wAA0h4fICFYJGNsYXNzZXNaJGNsYXNzbmFtZaMhIiNdTlNNdXRhYmxlRGF0YVZOU0RhdGFYTlNPYmplY3RfEEMuLi8uLi8uLi8uLi9Eb2N1bWVudHMvUGFwZXJzL0NsYXNzaWMgQ2FmZXMgQW4gSW50aW1hdGUgSGlzdG9yeS5odG1s0h4fJieiJyNcTlNEaWN0aW9uYXJ5AAgAEQAaAB8AKQAyADcAOgA/AEEAUwBcAGIAaQBwAHgAgwCFAIgAigCMAI8AkQCTAJ0AqgCvALcAuQKLApACmQKkAqgCtgK9AsYDDAMRAxQAAAAAAAACAQAAAAAAAAAoAAAAAAAAAAAAAAAAAAADIQ==}}

@webpage{Birkenstock:2001kh,
	Author = {Jane M. Birkenstock},
	Date-Added = {2010-08-12 17:14:38 -0400},
	Date-Modified = {2010-08-12 17:17:24 -0400},
	Lastchecked = {12 August 2010},
	Title = {Emilie du Ch{\^a}telet},
	Url = {http://www.visitvoltaire.com/emilie_du_chatelet_bio.htm},
	Urldate = {7 January 2009},
	Year = {2001},
	Bdsk-File-1 = {YnBsaXN0MDDUAQIDBAUGCQpYJHZlcnNpb25UJHRvcFkkYXJjaGl2ZXJYJG9iamVjdHMSAAGGoNEHCFRyb290gAFfEA9OU0tleWVkQXJjaGl2ZXKoCwwXGBkdJCVVJG51bGzTDQ4PEBEUViRjbGFzc1dOUy5rZXlzWk5TLm9iamVjdHOAB6ISE4ACgAOiFRaABIAGWWFsaWFzRGF0YVxyZWxhdGl2ZVBhdGjSDRobHFdOUy5kYXRhgAVPEQI4AAAAAAI4AAIAAAVNYWNPUwAAAAAAAAAAAAAAAAAAAAAAAAAAAADHzXIaSCsAAAANXlsfR2FicmllbGxlIEVtaWxpZSBsZSM0MjY0NzkuaHRtbAAAAAAAAAAAAAAAAAAAAAAAAAAAAAAAAAAAAAAAAAAAAEJkeciJ3RkAAAAAAAAAAAAEAAMAAAkgAAAAAAAAAAAAAAAAAAAABlBhcGVycwAQAAgAAMfNqloAAAARAAgAAMiKFVkAAAABABAADV5bAAfPsAAHz5kAAHt9AAIAQ01hY09TOlVzZXJzOm1lbmRlejpEb2N1bWVudHM6UGFwZXJzOkdhYnJpZWxsZSBFbWlsaWUgbGUjNDI2NDc5Lmh0bWwAAA4AlABJAEcAYQBiAHIAaQBlAGwAbABlACAARQBtAGkAbABpAGUAIABsAGUAIABUAG8AbgBuAGUAbABpAGUAcgAgAGQAZQAgAEIAcgBlAHQAZQB1AGkAbAAgAGQAdQAgAEMAaABhAHQAZQBsAGUAdAAgAC0AIABhAG4AZAAgAFYAbwBsAHQAYQBpAHIAZQAuAGgAdABtAGwADwAMAAUATQBhAGMATwBTABIAZ1VzZXJzL21lbmRlei9Eb2N1bWVudHMvUGFwZXJzL0dhYnJpZWxsZSBFbWlsaWUgbGUgVG9ubmVsaWVyIGRlIEJyZXRldWlsIGR1IENoYXRlbGV0IC0gYW5kIFZvbHRhaXJlLmh0bWwAABMAAS8AABUAAgAN//8AANIeHyAhWCRjbGFzc2VzWiRjbGFzc25hbWWjISIjXU5TTXV0YWJsZURhdGFWTlNEYXRhWE5TT2JqZWN0XxBmLi4vLi4vLi4vLi4vRG9jdW1lbnRzL1BhcGVycy9HYWJyaWVsbGUgRW1pbGllIGxlIFRvbm5lbGllciBkZSBCcmV0ZXVpbCBkdSBDaGF0ZWxldCAtIGFuZCBWb2x0YWlyZS5odG1s0h4fJieiJyNcTlNEaWN0aW9uYXJ5AAgAEQAaAB8AKQAyADcAOgA/AEEAUwBcAGIAaQBwAHgAgwCFAIgAigCMAI8AkQCTAJ0AqgCvALcAuQL1AvoDAwMOAxIDIAMnAzADmQOeA6EAAAAAAAACAQAAAAAAAAAoAAAAAAAAAAAAAAAAAAADrg==}}

@electronic{Danko:cq,
	Author = {Chris Danko},
	Date-Added = {2010-08-12 17:11:23 -0400},
	Date-Modified = {2010-08-12 17:13:33 -0400},
	Title = {America's First Coffeehouse},
	Url = {http://masstraveljournal.com/page/quick-facts/americas-first-coffeehouse},
	Urldate = {12 August 2010},
	Bdsk-File-1 = {YnBsaXN0MDDUAQIDBAUGCQpYJHZlcnNpb25UJHRvcFkkYXJjaGl2ZXJYJG9iamVjdHMSAAGGoNEHCFRyb290gAFfEA9OU0tleWVkQXJjaGl2ZXKoCwwXGBkdJCVVJG51bGzTDQ4PEBEUViRjbGFzc1dOUy5rZXlzWk5TLm9iamVjdHOAB6ISE4ACgAOiFRaABIAGWWFsaWFzRGF0YVxyZWxhdGl2ZVBhdGjSDRobHFdOUy5kYXRhgAVPEQIaAAAAAAIaAAIAAAVNYWNPUwAAAAAAAAAAAAAAAAAAAAAAAAAAAADHzXIaSCsAAAANXlsfQW1lcmljYSdzIEZpcnN0IENvZiM0MjY0NEUuaHRtbAAAAAAAAAAAAAAAAAAAAAAAAAAAAAAAAAAAAAAAAAAAAEJkTsiJ2/MAAAAAAAAAAAAEAAMAAAkgAAAAAAAAAAAAAAAAAAAABlBhcGVycwAQAAgAAMfNqloAAAARAAgAAMiKFDMAAAABABAADV5bAAfPsAAHz5kAAHt9AAIAQ01hY09TOlVzZXJzOm1lbmRlejpEb2N1bWVudHM6UGFwZXJzOkFtZXJpY2EncyBGaXJzdCBDb2YjNDI2NDRFLmh0bWwAAA4AgAA/AEEAbQBlAHIAaQBjAGEAJwBzACAARgBpAHIAcwB0ACAAQwBvAGYAZgBlAGUAaABvAHUAcwBlACAAfAAgAE0AYQBzAHMAYQBjAGgAdQBzAGUAdAB0AHMAIABUAHIAYQB2AGUAbAAgAEoAbwB1AHIAbgBhAGwALgBoAHQAbQBsAA8ADAAFAE0AYQBjAE8AUwASAF1Vc2Vycy9tZW5kZXovRG9jdW1lbnRzL1BhcGVycy9BbWVyaWNhJ3MgRmlyc3QgQ29mZmVlaG91c2UgfCBNYXNzYWNodXNldHRzIFRyYXZlbCBKb3VybmFsLmh0bWwAABMAAS8AABUAAgAN//8AANIeHyAhWCRjbGFzc2VzWiRjbGFzc25hbWWjISIjXU5TTXV0YWJsZURhdGFWTlNEYXRhWE5TT2JqZWN0XxBcLi4vLi4vLi4vLi4vRG9jdW1lbnRzL1BhcGVycy9BbWVyaWNhJ3MgRmlyc3QgQ29mZmVlaG91c2UgfCBNYXNzYWNodXNldHRzIFRyYXZlbCBKb3VybmFsLmh0bWzSHh8mJ6InI1xOU0RpY3Rpb25hcnkACAARABoAHwApADIANwA6AD8AQQBTAFwAYgBpAHAAeACDAIUAiACKAIwAjwCRAJMAnQCqAK8AtwC5AtcC3ALlAvAC9AMCAwkDEgNxA3YDeQAAAAAAAAIBAAAAAAAAACgAAAAAAAAAAAAAAAAAAAOG},
	Bdsk-Url-1 = {http://masstraveljournal.com/page/quick-facts/americas-first-coffeehouse}}

@misc{contributors:2010mb,
	Author = {Wikipedia contributors},
	Date-Added = {2010-08-12 17:00:39 -0400},
	Date-Modified = {2010-08-12 17:02:13 -0400},
	Generator = {MediaWiki 1.16wmf4},
	Journal = {Wikipedia, The Free Encyclopedia.},
	Lastchecked = {8 August 2010},
	Title = {Coffeehouse},
	Url = {http://en.wikipedia.org/w/index.php?title=Coffeehouse&oldid=377553510},
	Urldate = {6 August 2010},
	Year = {2010},
	Abstract = {The Age of Enlightenment (or simply the Enlightenment) is the era in Western philosophy and intellectual, scientific and cultural life, centered upon the eighteenth century, in which reason was advocated as the primary source for legitimacy and authority.},
	Bdsk-File-1 = {YnBsaXN0MDDUAQIDBAUGCQpYJHZlcnNpb25UJHRvcFkkYXJjaGl2ZXJYJG9iamVjdHMSAAGGoNEHCFRyb290gAFfEA9OU0tleWVkQXJjaGl2ZXKoCwwXGBkdJCVVJG51bGzTDQ4PEBEUViRjbGFzc1dOUy5rZXlzWk5TLm9iamVjdHOAB6ISE4ACgAOiFRaABIAGWWFsaWFzRGF0YVxyZWxhdGl2ZVBhdGjSDRobHFdOUy5kYXRhgAVPEQHyAAAAAAHyAAIAAAVNYWNPUwAAAAAAAAAAAAAAAAAAAAAAAAAAAADHzXIaSCsAAAANXlsfQ29mZmVlaG91c2UgLSBXaWtpcGUjNDEzMjlFLndhcgAAAAAAAAAAAAAAAAAAAAAAAAAAAAAAAAAAAAAAAAAAAEEynsiE8WIAAAAAAAAAAAAEAAMAAAkgAAAAAAAAAAAAAAAAAAAABlBhcGVycwAQAAgAAMfNqloAAAARAAgAAMiFKaIAAAABABAADV5bAAfPsAAHz5kAAHt9AAIAQ01hY09TOlVzZXJzOm1lbmRlejpEb2N1bWVudHM6UGFwZXJzOkNvZmZlZWhvdXNlIC0gV2lraXBlIzQxMzI5RS53YXIAAA4AZgAyAEMAbwBmAGYAZQBlAGgAbwB1AHMAZQAgAC0AIABXAGkAawBpAHAAZQBkAGkAYQAsACAAdABoAGUAIABmAHIAZQBlACAAZQBuAGMAeQBjAGwAbwBwAGUAZABpAGEALgB3AGEAcgAPAAwABQBNAGEAYwBPAFMAEgBQVXNlcnMvbWVuZGV6L0RvY3VtZW50cy9QYXBlcnMvQ29mZmVlaG91c2UgLSBXaWtpcGVkaWEsIHRoZSBmcmVlIGVuY3ljbG9wZWRpYS53YXIAEwABLwAAFQACAA3//wAA0h4fICFYJGNsYXNzZXNaJGNsYXNzbmFtZaMhIiNdTlNNdXRhYmxlRGF0YVZOU0RhdGFYTlNPYmplY3RfEE8uLi8uLi8uLi8uLi9Eb2N1bWVudHMvUGFwZXJzL0NvZmZlZWhvdXNlIC0gV2lraXBlZGlhLCB0aGUgZnJlZSBlbmN5Y2xvcGVkaWEud2Fy0h4fJieiJyNcTlNEaWN0aW9uYXJ5AAgAEQAaAB8AKQAyADcAOgA/AEEAUwBcAGIAaQBwAHgAgwCFAIgAigCMAI8AkQCTAJ0AqgCvALcAuQKvArQCvQLIAswC2gLhAuoDPANBA0QAAAAAAAACAQAAAAAAAAAoAAAAAAAAAAAAAAAAAAADUQ==}}

@electronic{Nestleprofessional.com:gb,
	Author = {Nestleprofessional.com},
	Date-Added = {2010-08-12 16:57:07 -0400},
	Date-Modified = {2010-08-12 16:58:50 -0400},
	Title = {History of Coffee},
	Url = {http://www.nestleprofessional.com/uk/en/SiteArticles/Pages/History_of_Coffee.aspx},
	Urldate = {12 August 2010},
	Bdsk-File-1 = {YnBsaXN0MDDUAQIDBAUGCQpYJHZlcnNpb25UJHRvcFkkYXJjaGl2ZXJYJG9iamVjdHMSAAGGoNEHCFRyb290gAFfEA9OU0tleWVkQXJjaGl2ZXKoCwwXGBkdJCVVJG51bGzTDQ4PEBEUViRjbGFzc1dOUy5rZXlzWk5TLm9iamVjdHOAB6ISE4ACgAOiFRaABIAGWWFsaWFzRGF0YVxyZWxhdGl2ZVBhdGjSDRobHFdOUy5kYXRhgAVPEQHeAAAAAAHeAAIAAAVNYWNPUwAAAAAAAAAAAAAAAAAAAAAAAAAAAADHzXIaSCsAAAANXlsfTmVzdGyOIFByb2Zlc3Npb25hbCM0MjYyRTUuaHRtbAAAAAAAAAAAAAAAAAAAAAAAAAAAAAAAAAAAAAAAAAAAAEJi5ciJ2GEAAAAAAAAAAAAEAAMAAAkgAAAAAAAAAAAAAAAAAAAABlBhcGVycwAQAAgAAMfNqloAAAARAAgAAMiKEKEAAAABABAADV5bAAfPsAAHz5kAAHt9AAIAQ01hY09TOlVzZXJzOm1lbmRlejpEb2N1bWVudHM6UGFwZXJzOk5lc3RsjiBQcm9mZXNzaW9uYWwjNDI2MkU1Lmh0bWwAAA4AWAArAE4AZQBzAHQAbABlAwEAIABQAHIAbwBmAGUAcwBzAGkAbwBuAGEAbAAgAEgAaQBzAHQAbwByAHkAIABvAGYAIABDAG8AZgBmAGUAZQAuAGgAdABtAGwADwAMAAUATQBhAGMATwBTABIASlVzZXJzL21lbmRlei9Eb2N1bWVudHMvUGFwZXJzL05lc3RsZcyBIFByb2Zlc3Npb25hbCBIaXN0b3J5IG9mIENvZmZlZS5odG1sABMAAS8AABUAAgAN//8AANIeHyAhWCRjbGFzc2VzWiRjbGFzc25hbWWjISIjXU5TTXV0YWJsZURhdGFWTlNEYXRhWE5TT2JqZWN0bxBIAC4ALgAvAC4ALgAvAC4ALgAvAC4ALgAvAEQAbwBjAHUAbQBlAG4AdABzAC8AUABhAHAAZQByAHMALwBOAGUAcwB0AGwAZQMBACAAUAByAG8AZgBlAHMAcwBpAG8AbgBhAGwAIABIAGkAcwB0AG8AcgB5ACAAbwBmACAAQwBvAGYAZgBlAGUALgBoAHQAbQBs0h4fJieiJyNcTlNEaWN0aW9uYXJ5AAgAEQAaAB8AKQAyADcAOgA/AEEAUwBcAGIAaQBwAHgAgwCFAIgAigCMAI8AkQCTAJ0AqgCvALcAuQKbAqACqQK0ArgCxgLNAtYDaQNuA3EAAAAAAAACAQAAAAAAAAAoAAAAAAAAAAAAAAAAAAADfg==}}

@electronic{Scofield:jl,
	Author = {Alex Scofield},
	Date-Added = {2010-08-12 16:52:46 -0400},
	Date-Modified = {2010-08-12 16:55:29 -0400},
	Lastchecked = {12 August 2010},
	Title = {Vietnam: Silent Global Coffee Power},
	Url = {http://www.ineedcoffee.com/02/vietnam/},
	Urldate = {12 August 2010},
	Bdsk-File-1 = {YnBsaXN0MDDUAQIDBAUGCQpYJHZlcnNpb25UJHRvcFkkYXJjaGl2ZXJYJG9iamVjdHMSAAGGoNEHCFRyb290gAFfEA9OU0tleWVkQXJjaGl2ZXKoCwwXGBkdJCVVJG51bGzTDQ4PEBEUViRjbGFzc1dOUy5rZXlzWk5TLm9iamVjdHOAB6ISE4ACgAOiFRaABIAGWWFsaWFzRGF0YVxyZWxhdGl2ZVBhdGjSDRobHFdOUy5kYXRhgAVPEQIIAAAAAAIIAAIAAAVNYWNPUwAAAAAAAAAAAAAAAAAAAAAAAAAAAADHzXIaSCsAAAANXlsfVmlldG5hbSBTaWxlbnQgR2xvYiM0MjYyOTguaHRtbAAAAAAAAAAAAAAAAAAAAAAAAAAAAAAAAAAAAAAAAAAAAEJimMiJ13UAAAAAAAAAAAAEAAMAAAkgAAAAAAAAAAAAAAAAAAAABlBhcGVycwAQAAgAAMfNqloAAAARAAgAAMiKD7UAAAABABAADV5bAAfPsAAHz5kAAHt9AAIAQ01hY09TOlVzZXJzOm1lbmRlejpEb2N1bWVudHM6UGFwZXJzOlZpZXRuYW0gU2lsZW50IEdsb2IjNDI2Mjk4Lmh0bWwAAA4AdAA5AFYAaQBlAHQAbgBhAG0AIABTAGkAbABlAG4AdAAgAEcAbABvAGIAYQBsACAAQwBvAGYAZgBlAGUAIABQAG8AdwBlAHIAIAAoAEkATgBlAGUAZABDAG8AZgBmAGUAZQAuAGMAbwBtACkALgBoAHQAbQBsAA8ADAAFAE0AYQBjAE8AUwASAFdVc2Vycy9tZW5kZXovRG9jdW1lbnRzL1BhcGVycy9WaWV0bmFtIFNpbGVudCBHbG9iYWwgQ29mZmVlIFBvd2VyIChJTmVlZENvZmZlZS5jb20pLmh0bWwAABMAAS8AABUAAgAN//8AANIeHyAhWCRjbGFzc2VzWiRjbGFzc25hbWWjISIjXU5TTXV0YWJsZURhdGFWTlNEYXRhWE5TT2JqZWN0XxBWLi4vLi4vLi4vLi4vRG9jdW1lbnRzL1BhcGVycy9WaWV0bmFtIFNpbGVudCBHbG9iYWwgQ29mZmVlIFBvd2VyIChJTmVlZENvZmZlZS5jb20pLmh0bWzSHh8mJ6InI1xOU0RpY3Rpb25hcnkACAARABoAHwApADIANwA6AD8AQQBTAFwAYgBpAHAAeACDAIUAiACKAIwAjwCRAJMAnQCqAK8AtwC5AsUCygLTAt4C4gLwAvcDAANZA14DYQAAAAAAAAIBAAAAAAAAACgAAAAAAAAAAAAAAAAAAANu}}

@conference{Kafadar:2002zt,
	Address = {USA},
	Author = {Cemal Kafadar},
	Date-Added = {2010-08-12 16:44:00 -0400},
	Date-Modified = {2010-08-12 16:51:56 -0400},
	Organization = {Economic History Congress XIII},
	Publisher = {Harvard University},
	School = {Harvard University},
	Title = {A History of Coffee},
	Url = {http://eh.net/XIIICongress/cd/papers/64Kafadar16.pdf},
	Year = {2002},
	Abstract = {  ``There is a danger that the history of coffee may lead us astray.  The anecdotal, the 
picturesque, and the unreliable play an enormous part in it.'' 
                     F. Braudel },
	Bdsk-File-1 = {YnBsaXN0MDDUAQIDBAUGCQpYJHZlcnNpb25UJHRvcFkkYXJjaGl2ZXJYJG9iamVjdHMSAAGGoNEHCFRyb290gAFfEA9OU0tleWVkQXJjaGl2ZXKoCwwXGBkdJCVVJG51bGzTDQ4PEBEUViRjbGFzc1dOUy5rZXlzWk5TLm9iamVjdHOAB6ISE4ACgAOiFRaABIAGWWFsaWFzRGF0YVxyZWxhdGl2ZVBhdGjSDRobHFdOUy5kYXRhgAVPEQF6AAAAAAF6AAIAAAVNYWNPUwAAAAAAAAAAAAAAAAAAAAAAAAAAAADHzXIaSCsAAAANXlsPNjRLYWZhZGFyMTYucGRmAAAAAAAAAAAAAAAAAAAAAAAAAAAAAAAAAAAAAAAAAAAAAAAAAAAAAAAAAAAAAAAAAEJg2ciJ1UEAAAAAAAAAAAAEAAMAAAkgAAAAAAAAAAAAAAAAAAAABlBhcGVycwAQAAgAAMfNqloAAAARAAgAAMiKDYEAAAABABAADV5bAAfPsAAHz5kAAHt9AAIAM01hY09TOlVzZXJzOm1lbmRlejpEb2N1bWVudHM6UGFwZXJzOjY0S2FmYWRhcjE2LnBkZgAADgAgAA8ANgA0AEsAYQBmAGEAZABhAHIAMQA2AC4AcABkAGYADwAMAAUATQBhAGMATwBTABIALVVzZXJzL21lbmRlei9Eb2N1bWVudHMvUGFwZXJzLzY0S2FmYWRhcjE2LnBkZgAAEwABLwAAFQACAA3//wAA0h4fICFYJGNsYXNzZXNaJGNsYXNzbmFtZaMhIiNdTlNNdXRhYmxlRGF0YVZOU0RhdGFYTlNPYmplY3RfECwuLi8uLi8uLi8uLi9Eb2N1bWVudHMvUGFwZXJzLzY0S2FmYWRhcjE2LnBkZtIeHyYnoicjXE5TRGljdGlvbmFyeQAIABEAGgAfACkAMgA3ADoAPwBBAFMAXABiAGkAcAB4AIMAhQCIAIoAjACPAJEAkwCdAKoArwC3ALkCNwI8AkUCUAJUAmICaQJyAqECpgKpAAAAAAAAAgEAAAAAAAAAKAAAAAAAAAAAAAAAAAAAArY=}}

@misc{contributors:2010il,
	Author = {Wikipedia contributors},
	Date-Added = {2010-08-12 16:39:52 -0400},
	Date-Modified = {2010-08-12 16:41:44 -0400},
	Generator = {MediaWiki 1.16wmf4},
	Journal = {Wikipedia, The Free Encyclopedia.},
	Lastchecked = {8 August 2010},
	Title = {History of coffee},
	Url = {http://en.wikipedia.org/w/index.php?title=History_of_coffee&oldid=377832534},
	Urldate = {8 August 2010},
	Year = {2010},
	Abstract = {Enlightened absolutism (also known as benevolent despotism or enlightened despotism) is a form of absolute monarchy or despotism in which rulers were influenced by the Enlightenment. Enlightened monarchs embraced the principles of the Enlightenment, especially its emphasis upon rationality, and applied them to their territories. They tended to allow religious toleration, freedom of speech and the press, and the right to hold private property. Most fostered the arts, sciences, and education.},
	Bdsk-File-1 = {YnBsaXN0MDDUAQIDBAUGCQpYJHZlcnNpb25UJHRvcFkkYXJjaGl2ZXJYJG9iamVjdHMSAAGGoNEHCFRyb290gAFfEA9OU0tleWVkQXJjaGl2ZXKoCwwXGBkdJCVVJG51bGzTDQ4PEBEUViRjbGFzc1dOUy5rZXlzWk5TLm9iamVjdHOAB6ISE4ACgAOiFRaABIAGWWFsaWFzRGF0YVxyZWxhdGl2ZVBhdGjSDRobHFdOUy5kYXRhgAVPEQHsAAAAAAHsAAIAAAVNYWNPUwAAAAAAAAAAAAAAAAAAAAAAAAAAAADHzXIaSCsAAABCCbcfSGlzdG9yeSBvZiBjb2ZmZWUgLSAjNDEzMUJBLndhcgAAAAAAAAAAAAAAAAAAAAAAAAAAAAAAAAAAAAAAAAAAAEExusiE8JgAAAAAAAAAAAAEAAIAAAkgAAAAAAAAAAAAAAAAAAAABi5UcmFzaAAQAAgAAMfNqloAAAARAAgAAMiFKNgAAAABAAwAQgm3AAfPmQAAe30AAgA5TWFjT1M6VXNlcnM6bWVuZGV6Oi5UcmFzaDpIaXN0b3J5IG9mIGNvZmZlZSAtICM0MTMxQkEud2FyAAAOAHIAOABIAGkAcwB0AG8AcgB5ACAAbwBmACAAYwBvAGYAZgBlAGUAIAAtACAAVwBpAGsAaQBwAGUAZABpAGEALAAgAHQAaABlACAAZgByAGUAZQAgAGUAbgBjAHkAYwBsAG8AcABlAGQAaQBhAC4AdwBhAHIADwAMAAUATQBhAGMATwBTABIATFVzZXJzL21lbmRlei8uVHJhc2gvSGlzdG9yeSBvZiBjb2ZmZWUgLSBXaWtpcGVkaWEsIHRoZSBmcmVlIGVuY3ljbG9wZWRpYS53YXIAEwABLwAAFQACAA3//wAA0h4fICFYJGNsYXNzZXNaJGNsYXNzbmFtZaMhIiNdTlNNdXRhYmxlRGF0YVZOU0RhdGFYTlNPYmplY3RfEEsuLi8uLi8uLi8uLi8uVHJhc2gvSGlzdG9yeSBvZiBjb2ZmZWUgLSBXaWtpcGVkaWEsIHRoZSBmcmVlIGVuY3ljbG9wZWRpYS53YXLSHh8mJ6InI1xOU0RpY3Rpb25hcnkACAARABoAHwApADIANwA6AD8AQQBTAFwAYgBpAHAAeACDAIUAiACKAIwAjwCRAJMAnQCqAK8AtwC5AqkCrgK3AsICxgLUAtsC5AMyAzcDOgAAAAAAAAIBAAAAAAAAACgAAAAAAAAAAAAAAAAAAANH}}

@misc{contributors:2010tw,
	Author = {Wikipedia contributors},
	Date-Added = {2010-08-12 16:37:18 -0400},
	Date-Modified = {2010-08-12 16:39:08 -0400},
	Generator = {MediaWiki 1.16wmf4},
	Journal = {Wikipedia, The Free Encyclopedia.},
	Lastchecked = {12 August 2010},
	Title = {Enlightened absolutism},
	Url = {http://en.wikipedia.org/w/index.php?title=Enlightened_absolutism&oldid=376735513},
	Urldate = {2 August 2010},
	Year = {2010},
	Abstract = {Enlightened absolutism (also known as benevolent despotism or enlightened despotism) is a form of absolute monarchy or despotism in which rulers were influenced by the Enlightenment. Enlightened monarchs embraced the principles of the Enlightenment, especially its emphasis upon rationality, and applied them to their territories. They tended to allow religious toleration, freedom of speech and the press, and the right to hold private property. Most fostered the arts, sciences, and education.},
	Bdsk-File-1 = {YnBsaXN0MDDUAQIDBAUGCQpYJHZlcnNpb25UJHRvcFkkYXJjaGl2ZXJYJG9iamVjdHMSAAGGoNEHCFRyb290gAFfEA9OU0tleWVkQXJjaGl2ZXKoCwwXGBkdJCVVJG51bGzTDQ4PEBEUViRjbGFzc1dOUy5rZXlzWk5TLm9iamVjdHOAB6ISE4ACgAOiFRaABIAGWWFsaWFzRGF0YVxyZWxhdGl2ZVBhdGjSDRobHFdOUy5kYXRhgAVPEQGsAAAAAAGsAAIAAAVNYWNPUwAAAAAAAAAAAAAAAAAAAAAAAAAAAADHzXIaSCsAAAANXlscRW5saWdodGVuZWQgYWJzb2x1dGlzbSAuaHRtbAAAAAAAAAAAAAAAAAAAAAAAAAAAAAAAAAAAAAAAAAAAAAAAAEI8R8iJAzIAAAAAAAAAAAAEAAMAAAkgAAAAAAAAAAAAAAAAAAAABlBhcGVycwAQAAgAAMfNqloAAAARAAgAAMiJO3IAAAABABAADV5bAAfPsAAHz5kAAHt9AAIAQE1hY09TOlVzZXJzOm1lbmRlejpEb2N1bWVudHM6UGFwZXJzOkVubGlnaHRlbmVkIGFic29sdXRpc20gLmh0bWwADgA6ABwARQBuAGwAaQBnAGgAdABlAG4AZQBkACAAYQBiAHMAbwBsAHUAdABpAHMAbQAgAC4AaAB0AG0AbAAPAAwABQBNAGEAYwBPAFMAEgA6VXNlcnMvbWVuZGV6L0RvY3VtZW50cy9QYXBlcnMvRW5saWdodGVuZWQgYWJzb2x1dGlzbSAuaHRtbAATAAEvAAAVAAIADf//AADSHh8gIVgkY2xhc3Nlc1okY2xhc3NuYW1loyEiI11OU011dGFibGVEYXRhVk5TRGF0YVhOU09iamVjdF8QOS4uLy4uLy4uLy4uL0RvY3VtZW50cy9QYXBlcnMvRW5saWdodGVuZWQgYWJzb2x1dGlzbSAuaHRtbNIeHyYnoicjXE5TRGljdGlvbmFyeQAIABEAGgAfACkAMgA3ADoAPwBBAFMAXABiAGkAcAB4AIMAhQCIAIoAjACPAJEAkwCdAKoArwC3ALkCaQJuAncCggKGApQCmwKkAuAC5QLoAAAAAAAAAgEAAAAAAAAAKAAAAAAAAAAAAAAAAAAAAvU=}}

@misc{contributors:2010qo,
	Author = {Wikipedia contributors},
	Date-Added = {2010-08-12 02:10:58 -0400},
	Date-Modified = {2010-08-12 02:13:20 -0400},
	Journal = {Wikipedia, The Free Encyclopedia.},
	Lastchecked = {5 June 2010},
	Local-Url = {file://localhost/Users/mendez/Documents/Papers/Women%20in%20the%20Enlightenment.html},
	Title = {Women in the Enlightenment},
	Url = {http://en.wikipedia.org/w/index.php?title=Women_in_the_Enlightenment&oldid=366128114},
	Urldate = {12 August 2010},
	Year = {2010},
	Abstract = {The degree to which women during the Enlightenment were either oppressed and kept to the private sphere, or participated in changing the political and social institutions of the day has always been debated.},
	Bdsk-File-1 = {YnBsaXN0MDDUAQIDBAUGCQpYJHZlcnNpb25UJHRvcFkkYXJjaGl2ZXJYJG9iamVjdHMSAAGGoNEHCFRyb290gAFfEA9OU0tleWVkQXJjaGl2ZXKoCwwXGBkdJCVVJG51bGzTDQ4PEBEUViRjbGFzc1dOUy5rZXlzWk5TLm9iamVjdHOAB6ISE4ACgAOiFRaABIAGWWFsaWFzRGF0YVxyZWxhdGl2ZVBhdGjSDRobHFdOUy5kYXRhgAVPEQG6AAAAAAG6AAIAAAVNYWNPUwAAAAAAAAAAAAAAAAAAAAAAAAAAAADHzXIaSCsAAAANXlsfV29tZW4gaW4gdGhlIEVubGlnaHRlbm1lbnQuaHRtbAAAAAAAAAAAAAAAAAAAAAAAAAAAAAAAAAAAAAAAAAAAAEI+0siJCGEAAAAAAAAAAAAEAAMAAAkgAAAAAAAAAAAAAAAAAAAABlBhcGVycwAQAAgAAMfNqloAAAARAAgAAMiJQKEAAAABABAADV5bAAfPsAAHz5kAAHt9AAIAQ01hY09TOlVzZXJzOm1lbmRlejpEb2N1bWVudHM6UGFwZXJzOldvbWVuIGluIHRoZSBFbmxpZ2h0ZW5tZW50Lmh0bWwAAA4AQAAfAFcAbwBtAGUAbgAgAGkAbgAgAHQAaABlACAARQBuAGwAaQBnAGgAdABlAG4AbQBlAG4AdAAuAGgAdABtAGwADwAMAAUATQBhAGMATwBTABIAPVVzZXJzL21lbmRlei9Eb2N1bWVudHMvUGFwZXJzL1dvbWVuIGluIHRoZSBFbmxpZ2h0ZW5tZW50Lmh0bWwAABMAAS8AABUAAgAN//8AANIeHyAhWCRjbGFzc2VzWiRjbGFzc25hbWWjISIjXU5TTXV0YWJsZURhdGFWTlNEYXRhWE5TT2JqZWN0XxA8Li4vLi4vLi4vLi4vRG9jdW1lbnRzL1BhcGVycy9Xb21lbiBpbiB0aGUgRW5saWdodGVubWVudC5odG1s0h4fJieiJyNcTlNEaWN0aW9uYXJ5AAgAEQAaAB8AKQAyADcAOgA/AEEAUwBcAGIAaQBwAHgAgwCFAIgAigCMAI8AkQCTAJ0AqgCvALcAuQJ3AnwChQKQApQCogKpArIC8QL2AvkAAAAAAAACAQAAAAAAAAAoAAAAAAAAAAAAAAAAAAADBg==}}

@electronic{Holbling:2006ye,
	Author = {Hugo Holbling},
	Date-Added = {2010-08-12 00:18:00 -0400},
	Date-Modified = {2010-08-12 00:23:08 -0400},
	Description = {John Dupr{\'e}: The Disunity of Science John Dupr{\'e} is a professor of philosophy of science in the Department of Sociology and Philosophy at Exeter University in the UK, and also the director of Egenis, the ESRC Centre for Genomics in Society. I wa...},
	Identifier-Url = {http://www.galilean-library.org/site/index.php?/page/index.html/_/interviews/john-dupre-the-disunity-of-science-r46},
	Keywords = {John,Dupr{\'e},The,Disunity,Science,professor,philosophy,science,Department,Sociology,Philosophy,Exeter,University,also},
	Month = {June},
	Title = {John Dupr{\'e}: The Disunity of Science},
	Url = {http://www.galilean-library.org/site/index.php?/page/index.html/_/interviews/john-dupre-the-disunity-of-science-r46},
	Urldate = {12 August 2010},
	Year = {2006},
	Abstract = {John Dupr{\'e} is a professor of philosophy of science in the Department of Sociology and Philosophy at Exeter University in the UK, and also the director of Egenis, the ESRC Centre for Genomics in Society. I was able to ask him about several keys areas of his work and relate it to contemporary issues in both science and the philosophy of science.},
	Bdsk-File-1 = {YnBsaXN0MDDUAQIDBAUGCQpYJHZlcnNpb25UJHRvcFkkYXJjaGl2ZXJYJG9iamVjdHMSAAGGoNEHCFRyb290gAFfEA9OU0tleWVkQXJjaGl2ZXKoCwwXGBkdJCVVJG51bGzTDQ4PEBEUViRjbGFzc1dOUy5rZXlzWk5TLm9iamVjdHOAB6ISE4ACgAOiFRaABIAGWWFsaWFzRGF0YVxyZWxhdGl2ZVBhdGjSDRobHFdOUy5kYXRhgAVPEQHWAAAAAAHWAAIAAAVNYWNPUwAAAAAAAAAAAAAAAAAAAAAAAAAAAADHzXIaSCsAAAANXlsfSm9obiBEdXByjiBUaGUgRGlzdSM0MjM1MTIuaHRtbAAAAAAAAAAAAAAAAAAAAAAAAAAAAAAAAAAAAAAAAAAAAEI1EsiI7scAAAAAAAAAAAAEAAMAAAkgAAAAAAAAAAAAAAAAAAAABlBhcGVycwAQAAgAAMfNqloAAAARAAgAAMiJJwcAAAABABAADV5bAAfPsAAHz5kAAHt9AAIAQ01hY09TOlVzZXJzOm1lbmRlejpEb2N1bWVudHM6UGFwZXJzOkpvaG4gRHVwco4gVGhlIERpc3UjNDIzNTEyLmh0bWwAAA4AUgAoAEoAbwBoAG4AIABEAHUAcAByAGUDAQAgAFQAaABlACAARABpAHMAdQBuAGkAdAB5ACAAbwBmACAAUwBjAGkAZQBuAGMAZQAuAGgAdABtAGwADwAMAAUATQBhAGMATwBTABIAR1VzZXJzL21lbmRlei9Eb2N1bWVudHMvUGFwZXJzL0pvaG4gRHVwcmXMgSBUaGUgRGlzdW5pdHkgb2YgU2NpZW5jZS5odG1sAAATAAEvAAAVAAIADf//AADSHh8gIVgkY2xhc3Nlc1okY2xhc3NuYW1loyEiI11OU011dGFibGVEYXRhVk5TRGF0YVhOU09iamVjdG8QRQAuAC4ALwAuAC4ALwAuAC4ALwAuAC4ALwBEAG8AYwB1AG0AZQBuAHQAcwAvAFAAYQBwAGUAcgBzAC8ASgBvAGgAbgAgAEQAdQBwAHIAZQMBACAAVABoAGUAIABEAGkAcwB1AG4AaQB0AHkAIABvAGYAIABTAGMAaQBlAG4AYwBlAC4AaAB0AG0AbNIeHyYnoicjXE5TRGljdGlvbmFyeQAIABEAGgAfACkAMgA3ADoAPwBBAFMAXABiAGkAcAB4AIMAhQCIAIoAjACPAJEAkwCdAKoArwC3ALkCkwKYAqECrAKwAr4CxQLOA1sDYANjAAAAAAAAAgEAAAAAAAAAKAAAAAAAAAAAAAAAAAAAA3A=}}

@misc{contributors:2010kb,
	Author = {Wikipedia contributors},
	Date-Added = {2010-08-12 00:12:49 -0400},
	Date-Modified = {2010-08-12 00:13:44 -0400},
	Generator = {MediaWiki 1.16wmf4},
	Journal = {Wikipedia, The Free Encyclopedia.},
	Lastchecked = {12 August 2010},
	Title = {Reductionism},
	Url = {http://en.wikipedia.org/w/index.php?title=Reductionism&oldid=376881192},
	Urldate = {3 August 2010},
	Year = {2010},
	Abstract = {The Age of Enlightenment (or simply the Enlightenment) is the era in Western philosophy and intellectual, scientific and cultural life, centered upon the eighteenth century, in which reason was advocated as the primary source for legitimacy and authority.},
	Bdsk-File-1 = {YnBsaXN0MDDUAQIDBAUGCQpYJHZlcnNpb25UJHRvcFkkYXJjaGl2ZXJYJG9iamVjdHMSAAGGoNEHCFRyb290gAFfEA9OU0tleWVkQXJjaGl2ZXKoCwwXGBkdJCVVJG51bGzTDQ4PEBEUViRjbGFzc1dOUy5rZXlzWk5TLm9iamVjdHOAB6ISE4ACgAOiFRaABIAGWWFsaWFzRGF0YVxyZWxhdGl2ZVBhdGjSDRobHFdOUy5kYXRhgAVPEQH2AAAAAAH2AAIAAAVNYWNPUwAAAAAAAAAAAAAAAAAAAAAAAAAAAADHzXIaSCsAAAANXlsfUmVkdWN0aW9uaXNtIC0gV2lraXAjNDIzNDI0LndhcgAAAAAAAAAAAAAAAAAAAAAAAAAAAAAAAAAAAAAAAAAAAEI0JMiI7EQAAAAAAAAAAAAEAAMAAAkgAAAAAAAAAAAAAAAAAAAABlBhcGVycwAQAAgAAMfNqloAAAARAAgAAMiJJIQAAAABABAADV5bAAfPsAAHz5kAAHt9AAIAQ01hY09TOlVzZXJzOm1lbmRlejpEb2N1bWVudHM6UGFwZXJzOlJlZHVjdGlvbmlzbSAtIFdpa2lwIzQyMzQyNC53YXIAAA4AaAAzAFIAZQBkAHUAYwB0AGkAbwBuAGkAcwBtACAALQAgAFcAaQBrAGkAcABlAGQAaQBhACwAIAB0AGgAZQAgAGYAcgBlAGUAIABlAG4AYwB5AGMAbABvAHAAZQBkAGkAYQAuAHcAYQByAA8ADAAFAE0AYQBjAE8AUwASAFFVc2Vycy9tZW5kZXovRG9jdW1lbnRzL1BhcGVycy9SZWR1Y3Rpb25pc20gLSBXaWtpcGVkaWEsIHRoZSBmcmVlIGVuY3ljbG9wZWRpYS53YXIAABMAAS8AABUAAgAN//8AANIeHyAhWCRjbGFzc2VzWiRjbGFzc25hbWWjISIjXU5TTXV0YWJsZURhdGFWTlNEYXRhWE5TT2JqZWN0XxBQLi4vLi4vLi4vLi4vRG9jdW1lbnRzL1BhcGVycy9SZWR1Y3Rpb25pc20gLSBXaWtpcGVkaWEsIHRoZSBmcmVlIGVuY3ljbG9wZWRpYS53YXLSHh8mJ6InI1xOU0RpY3Rpb25hcnkACAARABoAHwApADIANwA6AD8AQQBTAFwAYgBpAHAAeACDAIUAiACKAIwAjwCRAJMAnQCqAK8AtwC5ArMCuALBAswC0ALeAuUC7gNBA0YDSQAAAAAAAAIBAAAAAAAAACgAAAAAAAAAAAAAAAAAAANW}}

@misc{contributors:2010xr,
	Author = {Wikipedia contributors},
	Date-Added = {2010-08-12 00:11:23 -0400},
	Date-Modified = {2010-08-12 00:11:23 -0400},
	Generator = {MediaWiki 1.16wmf4},
	Journal = {Wikipedia, The Free Encyclopedia.},
	Lastchecked = {12 August 2010},
	Title = {Answer the Question: What Is Enlightenment?},
	Url = {http://en.wikipedia.org/wiki/Answering_the_Question:_What_Is_Enlightenment%3F#Kant_and_Frederick_the_Great},
	Urldate = {26 July 2010},
	Year = {2010},
	Bdsk-File-1 = {YnBsaXN0MDDUAQIDBAUGCQpYJHZlcnNpb25UJHRvcFkkYXJjaGl2ZXJYJG9iamVjdHMSAAGGoNEHCFRyb290gAFfEA9OU0tleWVkQXJjaGl2ZXKoCwwXGBkdJCVVJG51bGzTDQ4PEBEUViRjbGFzc1dOUy5rZXlzWk5TLm9iamVjdHOAB6ISE4ACgAOiFRaABIAGWWFsaWFzRGF0YVxyZWxhdGl2ZVBhdGjSDRobHFdOUy5kYXRhgAVPEQJcAAAAAAJcAAIAAAVNYWNPUwAAAAAAAAAAAAAAAAAAAAAAAAAAAADHzXIaSCsAAAANXlsfQW5zd2VyaW5nIHRoZSBRdWVzdGkjM0VGNUFFLndhcgAAAAAAAAAAAAAAAAAAAAAAAAAAAAAAAAAAAAAAAAAAAD71rsiBCmsAAAAAAAAAAAAEAAMAAAkgAAAAAAAAAAAAAAAAAAAABlBhcGVycwAQAAgAAMfNqloAAAARAAgAAMiBQqsAAAABABAADV5bAAfPsAAHz5kAAHt9AAIAQ01hY09TOlVzZXJzOm1lbmRlejpEb2N1bWVudHM6UGFwZXJzOkFuc3dlcmluZyB0aGUgUXVlc3RpIzNFRjVBRS53YXIAAA4ArABVAEEAbgBzAHcAZQByAGkAbgBnACAAdABoAGUAIABRAHUAZQBzAHQAaQBvAG4ALQAgAFcAaABhAHQAIABJAHMAIABFAG4AbABpAGcAaAB0AGUAbgBtAGUAbgB0AD8AIAAtACAAVwBpAGsAaQBwAGUAZABpAGEALAAgAHQAaABlACAAZgByAGUAZQAgAGUAbgBjAHkAYwBsAG8AcABlAGQAaQBhAC4AdwBhAHIADwAMAAUATQBhAGMATwBTABIAc1VzZXJzL21lbmRlei9Eb2N1bWVudHMvUGFwZXJzL0Fuc3dlcmluZyB0aGUgUXVlc3Rpb24tIFdoYXQgSXMgRW5saWdodGVubWVudD8gLSBXaWtpcGVkaWEsIHRoZSBmcmVlIGVuY3ljbG9wZWRpYS53YXIAABMAAS8AABUAAgAN//8AANIeHyAhWCRjbGFzc2VzWiRjbGFzc25hbWWjISIjXU5TTXV0YWJsZURhdGFWTlNEYXRhWE5TT2JqZWN0XxByLi4vLi4vLi4vLi4vRG9jdW1lbnRzL1BhcGVycy9BbnN3ZXJpbmcgdGhlIFF1ZXN0aW9uLSBXaGF0IElzIEVubGlnaHRlbm1lbnQ/IC0gV2lraXBlZGlhLCB0aGUgZnJlZSBlbmN5Y2xvcGVkaWEud2Fy0h4fJieiJyNcTlNEaWN0aW9uYXJ5AAgAEQAaAB8AKQAyADcAOgA/AEEAUwBcAGIAaQBwAHgAgwCFAIgAigCMAI8AkQCTAJ0AqgCvALcAuQMZAx4DJwMyAzYDRANLA1QDyQPOA9EAAAAAAAACAQAAAAAAAAAoAAAAAAAAAAAAAAAAAAAD3g==}}

@electronic{Hooker:1996ec,
	Author = {Richard Hooker},
	Date-Added = {2010-08-12 00:01:08 -0400},
	Date-Modified = {2010-08-12 00:06:49 -0400},
	Lastchecked = {12 August 2010},
	Local-Url = {file://localhost/Users/mendez/Documents/Papers/Seventeenth%20Century%20Enlightenment%20Thought.html},
	Title = {Seventeenth Century Enlightenment Thought},
	Url = {http://www.wsu.edu/~dee/ENLIGHT/PREPHIL.HTM},
	Urldate = {6-6-1999},
	Year = {1996},
	Bdsk-File-1 = {YnBsaXN0MDDUAQIDBAUGCQpYJHZlcnNpb25UJHRvcFkkYXJjaGl2ZXJYJG9iamVjdHMSAAGGoNEHCFRyb290gAFfEA9OU0tleWVkQXJjaGl2ZXKoCwwXGBkdJCVVJG51bGzTDQ4PEBEUViRjbGFzc1dOUy5rZXlzWk5TLm9iamVjdHOAB6ISE4ACgAOiFRaABIAGWWFsaWFzRGF0YVxyZWxhdGl2ZVBhdGjSDRobHFdOUy5kYXRhgAVPEQHmAAAAAAHmAAIAAAVNYWNPUwAAAAAAAAAAAAAAAAAAAAAAAAAAAADHzXIaSCsAAAANXlsfU2V2ZW50ZWVudGggQ2VudHVyeSM0MjMyRDQuaHRtbAAAAAAAAAAAAAAAAAAAAAAAAAAAAAAAAAAAAAAAAAAAAEIy1MiI6lYAAAAAAAAAAAAEAAMAAAkgAAAAAAAAAAAAAAAAAAAABlBhcGVycwAQAAgAAMfNqloAAAARAAgAAMiJIpYAAAABABAADV5bAAfPsAAHz5kAAHt9AAIAQ01hY09TOlVzZXJzOm1lbmRlejpEb2N1bWVudHM6UGFwZXJzOlNldmVudGVlbnRoIENlbnR1cnkjNDIzMkQ0Lmh0bWwAAA4AXgAuAFMAZQB2AGUAbgB0AGUAZQBuAHQAaAAgAEMAZQBuAHQAdQByAHkAIABFAG4AbABpAGcAaAB0AGUAbgBtAGUAbgB0ACAAVABoAG8AdQBnAGgAdAAuAGgAdABtAGwADwAMAAUATQBhAGMATwBTABIATFVzZXJzL21lbmRlei9Eb2N1bWVudHMvUGFwZXJzL1NldmVudGVlbnRoIENlbnR1cnkgRW5saWdodGVubWVudCBUaG91Z2h0Lmh0bWwAEwABLwAAFQACAA3//wAA0h4fICFYJGNsYXNzZXNaJGNsYXNzbmFtZaMhIiNdTlNNdXRhYmxlRGF0YVZOU0RhdGFYTlNPYmplY3RfEEsuLi8uLi8uLi8uLi9Eb2N1bWVudHMvUGFwZXJzL1NldmVudGVlbnRoIENlbnR1cnkgRW5saWdodGVubWVudCBUaG91Z2h0Lmh0bWzSHh8mJ6InI1xOU0RpY3Rpb25hcnkACAARABoAHwApADIANwA6AD8AQQBTAFwAYgBpAHAAeACDAIUAiACKAIwAjwCRAJMAnQCqAK8AtwC5AqMCqAKxArwCwALOAtUC3gMsAzEDNAAAAAAAAAIBAAAAAAAAACgAAAAAAAAAAAAAAAAAAANB}}

@electronic{Frost:fe,
	Author = {Martin Frost},
	Date-Added = {2010-08-11 23:58:21 -0400},
	Date-Modified = {2010-08-12 00:01:01 -0400},
	Local-Url = {file://localhost/Users/mendez/Documents/Papers/The%20Age%20of%20Enlightenment.war},
	Title = {The Age of Enlightenment},
	Url = {http://www.martinfrost.ws/htmlfiles/enlightenment_age.html},
	Urldate = {12 August 2010},
	Year = {2008},
	Bdsk-File-1 = {YnBsaXN0MDDUAQIDBAUGCQpYJHZlcnNpb25UJHRvcFkkYXJjaGl2ZXJYJG9iamVjdHMSAAGGoNEHCFRyb290gAFfEA9OU0tleWVkQXJjaGl2ZXKoCwwXGBkdJCVVJG51bGzTDQ4PEBEUViRjbGFzc1dOUy5rZXlzWk5TLm9iamVjdHOAB6ISE4ACgAOiFRaABIAGWWFsaWFzRGF0YVxyZWxhdGl2ZVBhdGjSDRobHFdOUy5kYXRhgAVPEQGsAAAAAAGsAAIAAAVNYWNPUwAAAAAAAAAAAAAAAAAAAAAAAAAAAADHzXIaSCsAAAANXlscVGhlIEFnZSBvZiBFbmxpZ2h0ZW5tZW50LndhcgAAAAAAAAAAAAAAAAAAAAAAAAAAAAAAAAAAAAAAAAAAAAAAAEIxzsiI6boAAAAAAAAAAAAEAAMAAAkgAAAAAAAAAAAAAAAAAAAABlBhcGVycwAQAAgAAMfNqloAAAARAAgAAMiJIfoAAAABABAADV5bAAfPsAAHz5kAAHt9AAIAQE1hY09TOlVzZXJzOm1lbmRlejpEb2N1bWVudHM6UGFwZXJzOlRoZSBBZ2Ugb2YgRW5saWdodGVubWVudC53YXIADgA6ABwAVABoAGUAIABBAGcAZQAgAG8AZgAgAEUAbgBsAGkAZwBoAHQAZQBuAG0AZQBuAHQALgB3AGEAcgAPAAwABQBNAGEAYwBPAFMAEgA6VXNlcnMvbWVuZGV6L0RvY3VtZW50cy9QYXBlcnMvVGhlIEFnZSBvZiBFbmxpZ2h0ZW5tZW50LndhcgATAAEvAAAVAAIADf//AADSHh8gIVgkY2xhc3Nlc1okY2xhc3NuYW1loyEiI11OU011dGFibGVEYXRhVk5TRGF0YVhOU09iamVjdF8QOS4uLy4uLy4uLy4uL0RvY3VtZW50cy9QYXBlcnMvVGhlIEFnZSBvZiBFbmxpZ2h0ZW5tZW50LndhctIeHyYnoicjXE5TRGljdGlvbmFyeQAIABEAGgAfACkAMgA3ADoAPwBBAFMAXABiAGkAcAB4AIMAhQCIAIoAjACPAJEAkwCdAKoArwC3ALkCaQJuAncCggKGApQCmwKkAuAC5QLoAAAAAAAAAgEAAAAAAAAAKAAAAAAAAAAAAAAAAAAAAvU=}}

@misc{contributors:2010oz,
	Author = {Wikipedia contributors},
	Date-Added = {2010-08-11 23:51:41 -0400},
	Date-Modified = {2010-08-11 23:54:05 -0400},
	Generator = {MediaWiki 1.16wmf4},
	Journal = {Wikipedia, The Free Encyclopedia.},
	Lastchecked = {12 August 2010},
	Title = {Discourse on the Method},
	Url = {http://en.wikipedia.org/w/index.php?title=Discourse_on_the_Method&oldid=374492284},
	Urldate = {20 July 2010},
	Year = {2010},
	Bdsk-File-1 = {YnBsaXN0MDDUAQIDBAUGCQpYJHZlcnNpb25UJHRvcFkkYXJjaGl2ZXJYJG9iamVjdHMSAAGGoNEHCFRyb290gAFfEA9OU0tleWVkQXJjaGl2ZXKoCwwXGBkdJCVVJG51bGzTDQ4PEBEUViRjbGFzc1dOUy5rZXlzWk5TLm9iamVjdHOAB6ISE4ACgAOiFRaABIAGWWFsaWFzRGF0YVxyZWxhdGl2ZVBhdGjSDRobHFdOUy5kYXRhgAVPEQJcAAAAAAJcAAIAAAVNYWNPUwAAAAAAAAAAAAAAAAAAAAAAAAAAAADHzXIaSCsAAAANXlsfQW5zd2VyaW5nIHRoZSBRdWVzdGkjM0VGNUFFLndhcgAAAAAAAAAAAAAAAAAAAAAAAAAAAAAAAAAAAAAAAAAAAD71rsiBCmsAAAAAAAAAAAAEAAMAAAkgAAAAAAAAAAAAAAAAAAAABlBhcGVycwAQAAgAAMfNqloAAAARAAgAAMiBQqsAAAABABAADV5bAAfPsAAHz5kAAHt9AAIAQ01hY09TOlVzZXJzOm1lbmRlejpEb2N1bWVudHM6UGFwZXJzOkFuc3dlcmluZyB0aGUgUXVlc3RpIzNFRjVBRS53YXIAAA4ArABVAEEAbgBzAHcAZQByAGkAbgBnACAAdABoAGUAIABRAHUAZQBzAHQAaQBvAG4ALQAgAFcAaABhAHQAIABJAHMAIABFAG4AbABpAGcAaAB0AGUAbgBtAGUAbgB0AD8AIAAtACAAVwBpAGsAaQBwAGUAZABpAGEALAAgAHQAaABlACAAZgByAGUAZQAgAGUAbgBjAHkAYwBsAG8AcABlAGQAaQBhAC4AdwBhAHIADwAMAAUATQBhAGMATwBTABIAc1VzZXJzL21lbmRlei9Eb2N1bWVudHMvUGFwZXJzL0Fuc3dlcmluZyB0aGUgUXVlc3Rpb24tIFdoYXQgSXMgRW5saWdodGVubWVudD8gLSBXaWtpcGVkaWEsIHRoZSBmcmVlIGVuY3ljbG9wZWRpYS53YXIAABMAAS8AABUAAgAN//8AANIeHyAhWCRjbGFzc2VzWiRjbGFzc25hbWWjISIjXU5TTXV0YWJsZURhdGFWTlNEYXRhWE5TT2JqZWN0XxByLi4vLi4vLi4vLi4vRG9jdW1lbnRzL1BhcGVycy9BbnN3ZXJpbmcgdGhlIFF1ZXN0aW9uLSBXaGF0IElzIEVubGlnaHRlbm1lbnQ/IC0gV2lraXBlZGlhLCB0aGUgZnJlZSBlbmN5Y2xvcGVkaWEud2Fy0h4fJieiJyNcTlNEaWN0aW9uYXJ5AAgAEQAaAB8AKQAyADcAOgA/AEEAUwBcAGIAaQBwAHgAgwCFAIgAigCMAI8AkQCTAJ0AqgCvALcAuQMZAx4DJwMyAzYDRANLA1QDyQPOA9EAAAAAAAACAQAAAAAAAAAoAAAAAAAAAAAAAAAAAAAD3g==}}

@book{Descartes:1637pb,
	Author = {Ren{\'e} Descartes},
	Booktitle = {A Discourse on Method},
	Date-Added = {2010-08-11 23:44:48 -0400},
	Date-Modified = {2010-08-11 23:50:33 -0400},
	Publisher = {The Project Gutenberg EBook},
	Title = {Discourse on the Method of Rightly Conducting One's Reason and of Seeking Truth in the Sciences},
	Url = {http://www.gutenberg.org/etext/59},
	Urldate = {July 1, 2008 [EBook #59]},
	Year = {1637},
	Annote = {Translation of Discours de la m{\'e}thode
},
	Bdsk-File-1 = {YnBsaXN0MDDUAQIDBAUGCQpYJHZlcnNpb25UJHRvcFkkYXJjaGl2ZXJYJG9iamVjdHMSAAGGoNEHCFRyb290gAFfEA9OU0tleWVkQXJjaGl2ZXKoCwwXGBkdJCVVJG51bGzTDQ4PEBEUViRjbGFzc1dOUy5rZXlzWk5TLm9iamVjdHOAB6ISE4ACgAOiFRaABIAGWWFsaWFzRGF0YVxyZWxhdGl2ZVBhdGjSDRobHFdOUy5kYXRhgAVPEQJKAAAAAAJKAAIAAAVNYWNPUwAAAAAAAAAAAAAAAAAAAAAAAAAAAADHzXIaSCsAAAANXlsfVGhlIFByb2plY3QgR3V0ZW5iZSM0MjMwNjkuaHRtbAAAAAAAAAAAAAAAAAAAAAAAAAAAAAAAAAAAAAAAAAAAAEIwaciI5mMAAAAAAAAAAAAEAAMAAAkgAAAAAAAAAAAAAAAAAAAABlBhcGVycwAQAAgAAMfNqloAAAARAAgAAMiJHqMAAAABABAADV5bAAfPsAAHz5kAAHt9AAIAQ01hY09TOlVzZXJzOm1lbmRlejpEb2N1bWVudHM6UGFwZXJzOlRoZSBQcm9qZWN0IEd1dGVuYmUjNDIzMDY5Lmh0bWwAAA4AoABPAFQAaABlACAAUAByAG8AagBlAGMAdAAgAEcAdQB0AGUAbgBiAGUAcgBnACAARQAtAHQAZQB4AHQAIABvAGYAIABBACAARABpAHMAYwBvAHUAcgBzAGUAIABvAG4AIABNAGUAdABoAG8AZAAsACAAYgB5ACAAUgBlAG4AZQMBACAARABlAHMAYwBhAHIAdABlAHMALgAuAGgAdABtAGwADwAMAAUATQBhAGMATwBTABIAblVzZXJzL21lbmRlei9Eb2N1bWVudHMvUGFwZXJzL1RoZSBQcm9qZWN0IEd1dGVuYmVyZyBFLXRleHQgb2YgQSBEaXNjb3Vyc2Ugb24gTWV0aG9kLCBieSBSZW5lzIEgRGVzY2FydGVzLi5odG1sABMAAS8AABUAAgAN//8AANIeHyAhWCRjbGFzc2VzWiRjbGFzc25hbWWjISIjXU5TTXV0YWJsZURhdGFWTlNEYXRhWE5TT2JqZWN0bxBsAC4ALgAvAC4ALgAvAC4ALgAvAC4ALgAvAEQAbwBjAHUAbQBlAG4AdABzAC8AUABhAHAAZQByAHMALwBUAGgAZQAgAFAAcgBvAGoAZQBjAHQAIABHAHUAdABlAG4AYgBlAHIAZwAgAEUALQB0AGUAeAB0ACAAbwBmACAAQQAgAEQAaQBzAGMAbwB1AHIAcwBlACAAbwBuACAATQBlAHQAaABvAGQALAAgAGIAeQAgAFIAZQBuAGUDAQAgAEQAZQBzAGMAYQByAHQAZQBzAC4ALgBoAHQAbQBs0h4fJieiJyNcTlNEaWN0aW9uYXJ5AAgAEQAaAB8AKQAyADcAOgA/AEEAUwBcAGIAaQBwAHgAgwCFAIgAigCMAI8AkQCTAJ0AqgCvALcAuQMHAwwDFQMgAyQDMgM5A0IEHQQiBCUAAAAAAAACAQAAAAAAAAAoAAAAAAAAAAAAAAAAAAAEMg==}}

@electronic{HOFSTADTER:1996la,
	Author = {DOUGLAS HOFSTADTER},
	Date-Added = {2010-08-11 23:31:49 -0400},
	Date-Modified = {2010-08-11 23:33:59 -0400},
	Journal = {New York Times},
	Title = {What's Gained in Translation},
	Url = {http://www.nytimes.com/books/97/07/20/reviews/hofstadter-translation.html},
	Urldate = {December 8, 1996},
	Year = {1996},
	Bdsk-File-1 = {YnBsaXN0MDDUAQIDBAUGCQpYJHZlcnNpb25UJHRvcFkkYXJjaGl2ZXJYJG9iamVjdHMSAAGGoNEHCFRyb290gAFfEA9OU0tleWVkQXJjaGl2ZXKoCwwXGBkdJCVVJG51bGzTDQ4PEBEUViRjbGFzc1dOUy5rZXlzWk5TLm9iamVjdHOAB6ISE4ACgAOiFRaABIAGWWFsaWFzRGF0YVxyZWxhdGl2ZVBhdGjSDRobHFdOUy5kYXRhgAVPEQHAAAAAAAHAAAIAAAVNYWNPUwAAAAAAAAAAAAAAAAAAAAAAAAAAAADHzXIaSCsAAAANXlsfV2hhdCdzIEdhaW5lZCBpbiBUciMzQjM2RUYuaHRtbAAAAAAAAAAAAAAAAAAAAAAAAAAAAAAAAAAAAAAAAAAAADs278hxQHYAAAAAAAAAAAAEAAMAAAkgAAAAAAAAAAAAAAAAAAAABlBhcGVycwAQAAgAAMfNqloAAAARAAgAAMhxeLYAAAABABAADV5bAAfPsAAHz5kAAHt9AAIAQ01hY09TOlVzZXJzOm1lbmRlejpEb2N1bWVudHM6UGFwZXJzOldoYXQncyBHYWluZWQgaW4gVHIjM0IzNkVGLmh0bWwAAA4ARAAhAFcAaABhAHQAJwBzACAARwBhAGkAbgBlAGQAIABpAG4AIABUAHIAYQBuAHMAbABhAHQAaQBvAG4ALgBoAHQAbQBsAA8ADAAFAE0AYQBjAE8AUwASAD9Vc2Vycy9tZW5kZXovRG9jdW1lbnRzL1BhcGVycy9XaGF0J3MgR2FpbmVkIGluIFRyYW5zbGF0aW9uLmh0bWwAABMAAS8AABUAAgAN//8AANIeHyAhWCRjbGFzc2VzWiRjbGFzc25hbWWjISIjXU5TTXV0YWJsZURhdGFWTlNEYXRhWE5TT2JqZWN0XxA+Li4vLi4vLi4vLi4vRG9jdW1lbnRzL1BhcGVycy9XaGF0J3MgR2FpbmVkIGluIFRyYW5zbGF0aW9uLmh0bWzSHh8mJ6InI1xOU0RpY3Rpb25hcnkACAARABoAHwApADIANwA6AD8AQQBTAFwAYgBpAHAAeACDAIUAiACKAIwAjwCRAJMAnQCqAK8AtwC5An0CggKLApYCmgKoAq8CuAL5Av4DAQAAAAAAAAIBAAAAAAAAACgAAAAAAAAAAAAAAAAAAAMO}}

@misc{contributors:2010bv,
	Author = {Wikipedia contributors},
	Date-Added = {2010-08-11 23:22:32 -0400},
	Date-Modified = {2010-08-12 00:12:42 -0400},
	Generator = {MediaWiki 1.16wmf4},
	Journal = {Wikipedia, The Free Encyclopedia.},
	Lastchecked = {12 August 2010},
	Title = {Age of Enlightenment},
	Url = {http://en.wikipedia.org/w/index.php?title=Age_of_Enlightenment&oldid=378234232},
	Urldate = {10 August 2010},
	Year = {2010},
	Abstract = {The Age of Enlightenment (or simply the Enlightenment) is the era in Western philosophy and intellectual, scientific and cultural life, centered upon the eighteenth century, in which reason was advocated as the primary source for legitimacy and authority.},
	Bdsk-File-1 = {YnBsaXN0MDDUAQIDBAUGCQpYJHZlcnNpb25UJHRvcFkkYXJjaGl2ZXJYJG9iamVjdHMSAAGGoNEHCFRyb290gAFfEA9OU0tleWVkQXJjaGl2ZXKoCwwXGBkdJCVVJG51bGzTDQ4PEBEUViRjbGFzc1dOUy5rZXlzWk5TLm9iamVjdHOAB6ISE4ACgAOiFRaABIAGWWFsaWFzRGF0YVxyZWxhdGl2ZVBhdGjSDRobHFdOUy5kYXRhgAVPEQIOAAAAAAIOAAIAAAVNYWNPUwAAAAAAAAAAAAAAAAAAAAAAAAAAAADHzXIaSCsAAAANXlsfQWdlIG9mIEVubGlnaHRlbm1lbnQjNDIzNDM0LndhcgAAAAAAAAAAAAAAAAAAAAAAAAAAAAAAAAAAAAAAAAAAAEI0NMiI7FMAAAAAAAAAAAAEAAMAAAkgAAAAAAAAAAAAAAAAAAAABlBhcGVycwAQAAgAAMfNqloAAAARAAgAAMiJJJMAAAABABAADV5bAAfPsAAHz5kAAHt9AAIAQ01hY09TOlVzZXJzOm1lbmRlejpEb2N1bWVudHM6UGFwZXJzOkFnZSBvZiBFbmxpZ2h0ZW5tZW50IzQyMzQzNC53YXIAAA4AeAA7AEEAZwBlACAAbwBmACAARQBuAGwAaQBnAGgAdABlAG4AbQBlAG4AdAAgAC0AIABXAGkAawBpAHAAZQBkAGkAYQAsACAAdABoAGUAIABmAHIAZQBlACAAZQBuAGMAeQBjAGwAbwBwAGUAZABpAGEALgB3AGEAcgAPAAwABQBNAGEAYwBPAFMAEgBZVXNlcnMvbWVuZGV6L0RvY3VtZW50cy9QYXBlcnMvQWdlIG9mIEVubGlnaHRlbm1lbnQgLSBXaWtpcGVkaWEsIHRoZSBmcmVlIGVuY3ljbG9wZWRpYS53YXIAABMAAS8AABUAAgAN//8AANIeHyAhWCRjbGFzc2VzWiRjbGFzc25hbWWjISIjXU5TTXV0YWJsZURhdGFWTlNEYXRhWE5TT2JqZWN0XxBYLi4vLi4vLi4vLi4vRG9jdW1lbnRzL1BhcGVycy9BZ2Ugb2YgRW5saWdodGVubWVudCAtIFdpa2lwZWRpYSwgdGhlIGZyZWUgZW5jeWNsb3BlZGlhLndhctIeHyYnoicjXE5TRGljdGlvbmFyeQAIABEAGgAfACkAMgA3ADoAPwBBAFMAXABiAGkAcAB4AIMAhQCIAIoAjACPAJEAkwCdAKoArwC3ALkCywLQAtkC5ALoAvYC/QMGA2EDZgNpAAAAAAAAAgEAAAAAAAAAKAAAAAAAAAAAAAAAAAAAA3Y=}}

@article{Harkin:2005ve,
	Author = {James Harkin},
	Date-Added = {2010-08-11 23:06:37 -0400},
	Date-Modified = {2010-08-11 23:09:08 -0400},
	Journal = {The Financial Times},
	Month = {August},
	Title = {Gannibal lecture},
	Url = {http://www.ft.com/cms/s/2/4c7b413a-048c-11da-a775-00000e2511c8.html},
	Year = {2005},
	Bdsk-Url-1 = {http://www.ft.com/cms/s/2/4c7b413a-048c-11da-a775-00000e2511c8.html}}

@article{Kant:1784fk,
	Author = {Immanuel Kant},
	Date-Added = {2010-08-06 00:40:54 -0400},
	Date-Modified = {2010-08-06 00:44:53 -0400},
	Journal = {Berlinische Monatsschrift (Berlin Monthly)},
	Month = {December},
	Title = {An Answer to the Question: What is Enlightenment},
	Url = {http://www.english.upenn.edu/~mgamer/Etexts/kant.html},
	Year = {1784},
	Bdsk-File-1 = {YnBsaXN0MDDUAQIDBAUGCQpYJHZlcnNpb25UJHRvcFkkYXJjaGl2ZXJYJG9iamVjdHMSAAGGoNEHCFRyb290gAFfEA9OU0tleWVkQXJjaGl2ZXKoCwwXGBkdJCVVJG51bGzTDQ4PEBEUViRjbGFzc1dOUy5rZXlzWk5TLm9iamVjdHOAB6ISE4ACgAOiFRaABIAGWWFsaWFzRGF0YVxyZWxhdGl2ZVBhdGjSDRobHFdOUy5kYXRhgAVPEQHGAAAAAAHGAAIAAAVNYWNPUwAAAAAAAAAAAAAAAAAAAAAAAAAAAADHzXIaSCsAAAANXlsfS2FudCdzICJXaGF0IElzIEVubCMzRUY1QzMuaHRtbAAAAAAAAAAAAAAAAAAAAAAAAAAAAAAAAAAAAAAAAAAAAD71w8iBCqYAAAAAAAAAAAAEAAMAAAkgAAAAAAAAAAAAAAAAAAAABlBhcGVycwAQAAgAAMfNqloAAAARAAgAAMiBQuYAAAABABAADV5bAAfPsAAHz5kAAHt9AAIAQ01hY09TOlVzZXJzOm1lbmRlejpEb2N1bWVudHM6UGFwZXJzOkthbnQncyAiV2hhdCBJcyBFbmwjM0VGNUMzLmh0bWwAAA4ASAAjAEsAYQBuAHQAJwBzACAAIgBXAGgAYQB0ACAASQBzACAARQBuAGwAaQBnAGgAdABlAG4AbQBlAG4AdAAiAC4AaAB0AG0AbAAPAAwABQBNAGEAYwBPAFMAEgBBVXNlcnMvbWVuZGV6L0RvY3VtZW50cy9QYXBlcnMvS2FudCdzICJXaGF0IElzIEVubGlnaHRlbm1lbnQiLmh0bWwAABMAAS8AABUAAgAN//8AANIeHyAhWCRjbGFzc2VzWiRjbGFzc25hbWWjISIjXU5TTXV0YWJsZURhdGFWTlNEYXRhWE5TT2JqZWN0XxBALi4vLi4vLi4vLi4vRG9jdW1lbnRzL1BhcGVycy9LYW50J3MgIldoYXQgSXMgRW5saWdodGVubWVudCIuaHRtbNIeHyYnoicjXE5TRGljdGlvbmFyeQAIABEAGgAfACkAMgA3ADoAPwBBAFMAXABiAGkAcAB4AIMAhQCIAIoAjACPAJEAkwCdAKoArwC3ALkCgwKIApECnAKgAq4CtQK+AwEDBgMJAAAAAAAAAgEAAAAAAAAAKAAAAAAAAAAAAAAAAAAAAxY=},
	Bdsk-Url-1 = {http://www.english.upenn.edu/~mgamer/Etexts/kant.html}}
