%% This BibTeX bibliography file was created using BibDesk.
%% http://bibdesk.sourceforge.net/


%% Created for Luis Enrique Mendez Angulo at 2013-02-04 14:42:59 -0500 


%% Saved with string encoding Unicode (UTF-8) 



@article{Tarlton:2011aa,
	Author = {Charles D. Tarlton},
	Date-Added = {2013-02-01 18:30:37 +0000},
	Date-Modified = {2013-02-01 18:33:16 +0000},
	Journal = {Haibun Today},
	Keywords = {thanka, prose},
	Lastchecked = {01 Feb. 2013},
	Month = {December},
	Number = {Number 4},
	Title = {Toward a Theory and Practice of Tanka-Prose},
	Url = {http://haibuntoday.com/ht54/article_Tarlton_TowardaTheory.html},
	Volume = {Volume 5},
	Year = {2011},
	Bdsk-File-1 = {YnBsaXN0MDDUAQIDBAUIJidUJHRvcFgkb2JqZWN0c1gkdmVyc2lvblkkYXJjaGl2ZXLRBgdUcm9vdIABqAkKFRYXGyIjVSRudWxs0wsMDQ4RFFpOUy5vYmplY3RzV05TLmtleXNWJGNsYXNzog8QgASABqISE4ACgAOAB1lhbGlhc0RhdGFccmVsYXRpdmVQYXRo0hgNGRpXTlMuZGF0YU8RAgQAAAAAAgQAAgAADE1hY2ludG9zaCBIRAAAAAAAAAAAAAAAAAAAAMq1VNhIKwAAAAUgWB9Ub3dhcmQgYSBUaGVvcnkgYW5kI0VFQkY5QS5odG1sAAAAAAAAAAAAAAAAAAAAAAAAAAAAAAAAAAAAAAAAAAAA7r+azTHXOwAAAAAAAAAAAAQAAwAACSAAAAAAAAAAAAAAAAAAAAAGUGFwZXJzABAACAAAyrWNGAAAABEACAAAzTIdiwAAAAEAEAAFIFgABR+LAAUfEAAAwCMAAgBOTWFjaW50b3NoIEhEOlVzZXJzOgBtZW5kZXo6AERvY3VtZW50czoAUGFwZXJzOgBUb3dhcmQgYSBUaGVvcnkgYW5kI0VFQkY5QS5odG1sAA4AYgAwAFQAbwB3AGEAcgBkACAAYQAgAFQAaABlAG8AcgB5ACAAYQBuAGQAIABQAHIAYQBjAHQAaQBjAGUAIABvAGYAIABUAGEAbgBrAGEALQBQAHIAbwBzAGUALgBoAHQAbQBsAA8AGgAMAE0AYQBjAGkAbgB0AG8AcwBoACAASABEABIATlVzZXJzL21lbmRlei9Eb2N1bWVudHMvUGFwZXJzL1Rvd2FyZCBhIFRoZW9yeSBhbmQgUHJhY3RpY2Ugb2YgVGFua2EtUHJvc2UuaHRtbAATAAEvAAAVAAIADf//AACABdIcHR4fWCRjbGFzc2VzWiRjbGFzc25hbWWjHyAhXU5TTXV0YWJsZURhdGFWTlNEYXRhWE5TT2JqZWN0XxBNLi4vLi4vLi4vLi4vRG9jdW1lbnRzL1BhcGVycy9Ub3dhcmQgYSBUaGVvcnkgYW5kIFByYWN0aWNlIG9mIFRhbmthLVByb3NlLmh0bWzSHB0kJaIlIVxOU0RpY3Rpb25hcnkSAAGGoF8QD05TS2V5ZWRBcmNoaXZlcgAIABEAFgAfACgAMgA1ADoAPABFAEsAUgBdAGUAbABvAHEAcwB2AHgAegB8AIYAkwCYAKACqAKqAq8CuALDAscC1QLcAuUDNQM6Az0DSgNPAAAAAAAAAgEAAAAAAAAAKAAAAAAAAAAAAAAAAAAAA2E=},
	Bdsk-Url-1 = {http://haibuntoday.com/ht54/article_Tarlton_TowardaTheory.html}}

@article{Philippou:2012aa,
	Author = {Dru Philippou},
	Date-Added = {2013-02-01 17:53:50 +0000},
	Date-Modified = {2013-02-01 17:58:53 +0000},
	Journal = {Haibun Today},
	Keywords = {thanka, prose},
	Lastchecked = {01 Feb. 2013},
	Month = {December},
	Number = {Number 4},
	Title = {Odder and Taller},
	Url = {http://haibuntoday.com/ht64/tp_Philippou_Odder.html},
	Volume = {Volume 6},
	Year = {2012},
	Bdsk-Url-1 = {http://haibuntoday.com/ht64/tp_Philippou_Odder.html}}

@webpage{Newman:2013aa,
	Author = {Bob Newman},
	Date-Added = {2013-02-01 17:42:26 +0000},
	Date-Modified = {2013-02-04 19:42:53 +0000},
	Keywords = {thanka, prose, haibun},
	Lastchecked = {01 Feb. 2013},
	Month = {February},
	Rss-Description = {http://www.volecentral.co.uk/vf/haiku.htm#haibun},
	Title = {haibun},
	Url = {http://www.volecentral.co.uk/vf/haiku.htm#haibun},
	Urldate = {06/06/2004},
	Year = {2013},
	Bdsk-Url-1 = {http://www.volecentral.co.uk/vf/haiku.htm#haibun}}
